3156 5080
598 523 641 530 -
687 491 728 550 63
777 522 818 532 .-

106 684 296 760 mancipia.
344 683 470 748 Memor
503 685 550 746 sis
574 701 763 765 servorum,
796 684 858 762 qui·
877 684 1020 748 Athenis
1044 677 1178 746 Σκύθαι
1203 701 1299 747 voca-

106 791 248 854 bantur.
308 789 372 855 Sed
403 791 504 854 etiam
534 790 754 855 transitoriae
787 808 915 854 merces
949 809 1069 870 magna
1100 789 1297 853 adferebant

107 897 299 961 commoda.
348 897 455 976 Supra
489 897 575 960 enim
600 897 665 961 iam
690 896 852 978 diximuS,
885 898 958 962 vias
982 897 1231 974 negotiatorum
1256 914 1298 959 ex

107 1005 233 1068 intima
260 1005 345 1068 Asia
375 1005 458 1068 illuc
490 1003 580 1068 ferre
615 1012 649 1068 et
676 1005 818 1068 maxima
848 1023 964 1068 aurum
994 1004 1183 1082 agminibus
1211 1020 1296 1066 mer·

108 1117 271 1175 catorum
296 1111 508 1189 adportatum
534 1129 618 1191 esse,
644 1111 730 1189 quod
755 1112 815 1175 sub
840 1112 1128 1189 septentrionibus
1153 1110 1299 1175 inveniri

107 1217 351 1300 putabatu11),
384 1217 418 1281 id
443 1219 552 1282 estin
577 1218 717 1298 Sibiria,
754 1236 838 1297 quae
862 1237 949 1283 nunc
973 1225 1041 1298 est,
1072 1216 1296 1282 meridionali.

107 1325 219 1390 Porro
234 1325 426 1403 Bosporani
450 1325 522 1389 sine
547 1324 646 1389 dubio
671 1326 855 1403 participes
880 1333 976 1389 eraut
1000 1324 1192 1389 commercii
1218 1343 1292 1389 cum

108 1433 249 1510 populis
284 1451 385 1510 super
409 1432 544 1512 Scythis
577 1433 809 1497 habitantibus
839 1432 935 1526 facti.
981 1432 1050 1496 Neo
1074 1451 1139 1495 non
1163 1433 1295 1511 piratae

114 1539 245 1620 spolia,
291 1540 489 1619 ubicumque
526 1547 622 1604 erant
661 1548 835 1622 correpta,
872 1541 907 1603 in
937 1540 1082 1618 Bospori
1118 1540 1297 1617 praecipue

113 1647 282 1724 emporiis
306 1647 451 1712 vendere
475 1647 639 1711 solebant.
658 1683 698 1692 -
718 1647 842 1712 Contra
866 1648 990 1712 multae
1013 1655 1109 1712 erant
1124 1665 1190 1728 res,
1216 1666 1298 1726 quas

112 1755 311 1832 Bosporani
342 1755 407 1818 sihi
439 1755 504 1833 ipsi
537 1770 657 1832 parare
690 1756 882 1834 nequibant.
937 1755 1127 1832 inquibus
1156 1755 1297 1832 primum

113 1861 269 1926 artificia
289 1869 402 1926 'erant
432 1868 467 1926 et
498 1862 674 1940 suppellex
705 1863 865 1940 politiore
901 1870 974 1926 arte
1005 1861 1171 1941 perfecta,
1206 1869 1297 1926 certe

115 1968 254 2048 quidem
289 1969 479 2048 antiquiore
509 1977 636 2051 aetate,
670 1989 742 2047 cnm
774 1970 963 2047 posteriore
988 1969 1023 2033 in
1047 1969 1199 2046 Bosporo
1224 1970 1298 2047 ipsa

115 2076 272 2140 artifices
316 2077 433 2154 optimi
474 2076 687 2141 considerent
730 2077 820 2161 (vide
860 2075 973 2154 infra).
1035 2075 1297 2141 Advehebantnr

115 2191 230 2248 autem
258 2202 300 2247 ex
324 2185 441 2248 Attica
465 2201 549 2250 vasa
572 2183 709 2266 fictilia,
734 2191 803 2248 tum
829 2203 869 2248 ex
894 2185 981 2250 omni
1006 2183 1150 2248 Graecia
1173 2185 1297 2265 vinum,

116 2291 205 2369 quod
232 2291 362 2356 caelum
378 2293 521 2369 Bospori
546 2293 699 2370 asperius
723 2300 808 2373 erat,
835 2311 931 2370 quam
958 2299 995 2356 ut
1019 2291 1156 2356 meliors
1181 2290 1297 2368 fruges

116 2406 319 2464 maturaret.
346 2398 572 2480 ‘Quamquam
598 2400 684 2463 enirn
710 2400 830 2465 vineta·
848 2399 919 2462 illis
944 2399 1029 2463 locis
1053 2399 1297 2478 incolebantur,

117 2505 214 2570 velut
240 2505 454 2587 Cherronesi,
479 2507 537 2570 ubi
560 2525 647 2570 nunc
672 2523 802 2585 quoque
819 2507 937 2569 ruinae
955 2513 1146 2583 saeptorum
1164 2513 1298 2570 exstant

116 2613 233 2677 titulis
257 2631 323 2677 non
348 2615 623 2694 improbantibus
648 2621 759 2678 tamen
783 2614 891 2677 hieme
916 2613 1003 2678 vites
1029 2613 1143 2691 obtegi
1160 2630 1297 2676 necesse

118 2719 244 2803 erat²):
281 2719 429 2785 Graecas
461 2721 549 2786 vites
581 2722 622 2785 ab
655 2722 704 2784 eis
728 2728 888 2799 aequatas
914 2738 1076 2784 essenon
1101 2720 1296 2784 estverisi-

117 2827 208 2891 mile.
257 2828 415 2892 Necnon
440 2828 548 2891 oleum
574 2846 615 2892 ex
640 2827 785 2892 Graecia
810 2827 1033 2906 quaerendum
1051 2835 1134 2892 erat.
1157 2827 1296 2920 -lViae

119 2943 244 3020 autem,
270 2935 390 3014 quibus
413 2953 516 3000 naves
540 2935 759 3016 vehebantur,
783 2953 849 2998 non
873 2935 968 2999 iuxta
992 2953 1083 2998 oram
1100 2934 1296 2998 Thracicam

118 3039 286 3122 ferebant,
311 3050 473 3120 utsupra
497 3041 624 3106 dictum
648 3050 710 3124 est,
742 3041 800 3107 sed
827 3061 846 3106 a
870 3043 1021 3120 Bosporo
1047 3042 1211 3106 Thracico
1236 3059 1297 3118 per

119 3148 264 3213 medium
289 3150 441 3214 Pontum.
488 3151 748 3228 Panticapaeum
773 3158 847 3214 erat
883 3151 1064 3228 emporium
1090 3149 1131 3212 ad
1155 3151 1296 3213 Pontum

121 3253 377 3338 Graeciamque,
403 3257 618 3334 Phanagoria
641 3257 682 3320 ad
706 3257 879 3322 Maitidem
904 3249 1011 3336 magis
1036 3257 1235 3336 spectansi).

226 3365 278 3428 Er
296 3383 359 3443 quo
379 3366 583 3429 commercio.
594 3364 866 3444 frequentissimo
885 3373 920 3429 et
936 3365 1140 3442 amplissimo
1158 3361 1296 3442 magnas

122 3469 262 3536 divitias
294 3489 333 3535 ex
358 3473 584 3551 vectigalibus
609 3471 738 3536 hauriri
763 3473 915 3551 potuisse
939 3480 1043 3551 patet.
1091 3473 1201 3550 Atque
1227 3473 1296 3535 exi-

121 3579 247 3654 gebant
270 3597 369 3660 reges
386 3581 531 3658 Bospori
555 3599 574 3643 a
598 3580 739 3645 navibus
764 3579 1007 3646 advehentibus
1025 3568 1296 3644 et‘avehentibus

121 3685 336 3755 tricesimam.
391 3686 455 3751 Sed
489 3705 561 3751 oum
591 3687 776 3766 vectigalia
809 3687 969 3765 graviora
1001 3686 1199 3750 commercio
1236 3687 1295 3750 im-

121 3791 310 3866 pedimento
343 3811 416 3856 esse
439 3795 595 3874 soleant,
626 3811 727 3871 reges
758 3795 823 3858 iam
855 3794 934 3858 olim
966 3793 999 3857 id
1033 3792 1226 3874 studebant,
1259 3801 1296 3858 ut

123 3895 358 3976 impedimenta
387 3901 447 3964 illa
476 3909 698 3966 removerent.
746 3902 791 3966 Bt
823 3920 895 3964 oum
929 3919 1054 3964 summa
1083 3900 1295 3980 negotiorum

124 4021 226 4081 penes
251 4007 475 4072 Athenienses
509 4005 622 4089 esset,
650 4007 868 4086 Spartocidae
892 4007 978 4072 nihil
1001 4007 1172 4086 antiquius
1196 4007 1295 4071 habe-

124 4110 219 4195 bant,
251 4133 347 4194 quam
381 4122 419 4179 ut
450 4133 522 4180 cum
551 4115 622 4179 illis
646 4116 829 4181 amicitiam
854 4122 995 4195 agerent
1018 4116 1221 4194 negotiaque
1246 4115 1295 4178 eis

126 4233 261 4250 Ἢ
263 4241 331 4248 .....

231 4290 257 4366 l>
276 4289 339 4346 aar.
359 4289 403 4342 ΙΙΙ
425 4291 483 4344 116.

229 4379 257 4446 2)
276 4379 418 4432 Neumann
437 4395 463 4447 p.
476 4380 537 4434 415.

229 4471 257 4532 B)
277 4467 366 4522 Strah.
385 4468 425 4522 XI
443 4470 504 4523 495.
