3156 5080
750 473 968 534 „16ss

273 665 388 728 urbem
423 662 624 743 iudicemus3
660 665 835 730 Strabonis
868 672 978 730 autem
1007 673 1119 730 aetate
1142 685 1220 730 num
1243 659 1452 747 μητρόπολις

274 772 339 836 iam
369 789 409 836 ea
433 772 524 836 dicta
549 773 611 854 sit,
646 791 729 851 quae
753 772 968 836 finitimarum
994 773 1182 838 civitatium
1206 774 1348 837 maxima
1372 772 1449 854 fuit,

275 898 341 944 non
366 879 471 944 audeo
506 879 702 944 diiudicare.
749 879 902 944 Milesios
935 888 1046 945 autem
1080 881 1172 945 illam
1196 882 1311 944 urbem
1336 879 1449 944 condi-

274 986 363 1052 disse
388 995 425 1052 ut
448 987 533 1052 alias
549 987 738 1067 plerasque,
763 987 951 1065 complures
968 996 1104 1053 autores
1121 984 1303 1070 tradunt1).
1329 985 1449 1068 Quam·

276 1112 373 1172 quam
406 1094 581 1158 Neumanii
606 1111 646 1158 ex
671 1091 859 1176 opinionel)
892 1094 997 1158 multo
1022 1095 1193 1173 antiquior
1217 1101 1285 1175 est,
1327 1111 1399 1158 cum
1432 1112 1451 1156 a

274 1201 385 1266 Mileti
423 1201 552 1265 colonis
597 1209 696 1266 aucta
732 1208 861 1266 tantum
905 1202 961 1266 sit.
1018 1201 1112 1282 Quod
1148 1201 1285 1280 probari
1316 1201 1449 1264 nomine

275 1310 429 1374 harharo.
453 1392 455 1396 .
477 1310 588 1386 Atque
612 1317 664 1373 est
689 1308 820 1387 quidem
844 1309 1033 1390 barbarum,
1058 1311 1209 1388 quamvis
1232 1316 1351 1387 postea
1375 1326 1448 1372 cum

276 1417 365 1480 Pane
403 1414 463 1480 deo
490 1416 648 1494 coniungi
684 1395 837 1494 coeptum
874 1417 929 1480 sit.
989 1416 1073 1480 Vide
1111 1417 1145 1479 in
1180 1416 1321 1480 nummis
1345 1415 1448 1479 Panis

274 1524 452 1601 imaginem
484 1521 795 1601 ¹frequentissimam
835 1541 930 1605 esse,
969 1542 1165 1602 quamquam
1214 1522 1449 1602 Phanagoriae

276 1647 406 1708 quoque
431 1631 466 1694 in
481 1629 622 1693 nummis
640 1629 796 1706 exstas).
844 1631 938 1694 Fieri
955 1637 1078 1712 potest,
1103 1639 1141 1695 ut
1156 1631 1251 1694 locus
1267 1647 1450 1708 peroppor-

273 1746 375 1802 tunus
411 1739 475 1802 iam
515 1744 591 1801 ante
623 1757 643 1800 a
676 1737 810 1817 Scythis
843 1739 1015 1802 habitatus
1048 1739 1107 1819 sit,
1143 1738 1244 1802 etiam
1277 1738 1450 1815 antiquum

277 1845 481 1910 Graecorum
517 1853 693 1910 nautarum
729 1845 897 1924 refugium
928 1845 1042 1911 fuerit.
1090 1847 1214 1910 Tamen
1246 1845 1320 1923 ipsa
1352 1845 1449 1924 origo

277 1973 296 2016 a
327 1953 472 2018 Milesiis
515 1953 642 2018 demum
678 1953 898 2032 computanda
929 1961 990 2018 est.
1039 1955 1074 2018 Α
1106 1953 1351 2030 Panticapaitis
1382 1952 1451 2015 alia

275 2060 398 2139 oppida
422 2060 556 2124 condita
580 2067 667 2142 sunt,
691 2068 729 2124 ut
752 2058 1000 2142 Cimmerium)
1025 2067 1059 2124 et
1075 2057 1242 2141 Tanais).
1267 2061 1452 2123 Praeterea

274 2169 297 2232 J
300 2169 415 2232 onicae
450 2168 600 2231 coloniae
636 2174 800 2233 vocantur
824 2168 1047 2231 Hermonassa
1076 2185 1180 2244 prope
1204 2166 1450 2246 Phanagoriam

277 2276 344 2340 sita
382 2294 421 2339 ac
454 2274 661 2356 Theudosia,
703 2293 787 2353 quae
821 2274 946 2339 dicitur
979 2267 1105 2335 παλαιὰ
1136 2265 1231 2342 elide
1261 2267 1355 2342 πόλις
1386 2273 1452 2333 τῶν

277 2379 448 2462 Μιλησίων
471 2375 656 2460 ἄποικοςθ).
705 2381 825 2446 Omnes
855 2382 962 2462 igitur
986 2381 1129 2459 Bospori
1155 2381 1312 2446 civitates
1328 2381 1450 2445 Jonum

275 2488 381 2554 fuisse
415 2487 583 2554 videntur.
640 2487 733 2570 Quod
763 2490 927 2567 probatur
954 2489 1131 2553 titulorum
1156 2486 1278 2567 lverhis
1308 2487 1452 2552 Jonicis.

275 2595 362 2677 Quin
398 2597 499 2660 etiam
529 2597 661 2674 priscae
686 2590 793 2665 Ἰάδος
817 2597 965 2676 vestigia
987 2603 1230 2660 remanserunt.
1279 2593 1452 2676 Conferas,

276 2723 359 2782 quae
394 2705 532 2768 Boeckh
564 2705 682 2768 attulit
712 2723 743 2782 p.
771 2709 831 2768 rot
845 2723 915 2782 sqq.
963 2704 1096 2768 Titulus
1130 2711 1240 2767 autem
1271 2703 1452 2780 amphorae

276 2811 351 2877 OIG
369 2817 453 2876 2121
480 2813 582 2876 miras
605 2830 706 2876 voces
731 2812 868 2875 exhibet
892 2805 950 2871 ἐπὶ
974 2808 1101 2872 Καλλία
1117 2804 1323 2888 Εόποίμονος.
1361 2808 1453 2890 Quas

275 2918 400 2984 formas
441 2938 637 2998 quamquam
669 2919 806 2983 Boeokh
837 2919 976 2983 Jonioas
1010 2936 1083 2982 esse
1116 2917 1344 2982 demonstrare
1375 2917 1451 2982 vult

277 3025 384 3090 -ad
412 3029 471 3086 Eo·
496 3026 612 3090 confer
643 3027 744 3090 etiam
779 3016 957 3106 Αότοκλῆος
990 3025 1063 3089 Lat.
1084 3029 1146 3088 140
1177 3017 1352 3106 Εόρυνόμο
1384 3029 1450 3087 288

279 3134 516 3210 (Heracleotae
541 3131 640 3217 civis)
665 3128 839 3202 Λεύκωνος
856 3138 918 3197 297
947 3129 1236 3215 (Paphlagonisli)
1263 3168 1314 3212 -‚
1339 3139 1453 3196 tamen
1570 3183 1571 3220 p

275 3242 395 3306 titulos
420 3241 487 3320 alia
512 3241 551 3305 de
577 3259 677 3306 causa
701 3241 894 3318 suspicitur.
941 3241 1010 3304 Nec
1034 3259 1099 3304 non
1120 3241 1258 3304 Boeokh
1282 3239 1348 3304 alio
1374 3239 1450 3302 loco

277 3349 343 3413 sihi
360 3348 541 3427 persuadet
557 3350 748 3427 amphoram
765 3347 899 3412 aliunde
917 3349 1130 3426 inportatam
1148 3365 1221 3412 esse
1230 3344 1268 3431 ⁸).
1300 3347 1452 3410 Plerum-
1570 3373 1571 3396 κ

279 3492 489 3502 ———-——--

310 3529 318 3557 ‘
386 3559 413 3628 1)
434 3561 520 3616 amm.
539 3559 558 3613 1.
577 3559 595 3613 1.
616 3588 648 3598 -
668 3558 757 3613 strab.
777 3559 838 3614 vn.
858 3559 919 3614 ato.
946 3588 979 3596 -
1006 3557 1073 3612 ron
1093 3557 1125 3611 u.
1146 3557 1179 3612 n.
1199 3557 1239 3610 1v
1258 3561 1293 3611 ao
1312 3555 1346 3610 cf.
1367 3557 1406 3611 vr
1425 3561 1452 3626 o,

304 3715 306 3721 .
384 3649 606 3717 211.l.p.480.

383 3741 412 3806 3)
432 3739 563 3806 llionnet‚
584 3739 752 3806 Description
771 3740 783 3792 Ι
802 3739 1023 3806 347sq.11333.

383 3829 411 3897 4)
431 3830 518 3883 Anon.
540 3830 600 3883 Per.
620 3829 650 3882 P.
670 3829 699 3882 Ε.
720 3828 793 3898 548.
813 3829 918 3896 Scymn.
938 3829 999 3883 898.

386 3921 414 3979 5)
434 3917 523 3972 Strah.
543 3918 582 3972 XI
595 3919 657 3973 493.
1097 3935 1099 3940 ⁴

385 4009 413 4076 6)
430 4008 520 4074 ennon,
539 4007 599 4061 Par.
621 4007 649 4060 Ρ.
669 4007 700 4062 Ε.
720 4007 793 4075 got.

385 4097 413 4163 7)
432 4096 558 4152 Ceterum
576 4097 685 4152 litterae
706 4119 747 4164 oo,
767 4118 796 4152 co
815 4112 863 4165 pro
883 4119 926 4162 ov,
946 4118 976 4152 ευ
996 4095 1113 4165 scriptae
1132 4095 1215 4151 etiam
1228 4095 1296 4150 alias
1309 4101 1456 4150 occurrunt·

277 4189 356 4256 idque
375 4187 500 4242 omnihus
518 4187 655 4242 aetatibus
680 4194 708 4242 et
727 4189 882 4258 saepissime
901 4187 930 4240 in
949 4188 1043 4242 Ionum
1063 4185 1227 4241 civitatibus.
1247 4185 1287 4240 Oi.
1308 4186 1339 4240 G.
1353 4187 1454 4253 Meyer.

278 4278 323 4333 Gr.
343 4277 389 4332 Gr.
409 4277 539 4348 §lllsq
575 4277 673 4332 Forma
691 4277 812 4346 genetivi
832 4308 865 4317 —
886 4277 909 4334 ἆ
932 4282 1021 4332 autam
1040 4277 1257 4343 frequentissima
1276 4280 1319 4331 est
1337 4275 1410 4329 velut
1426 4276 1454 4328 in

277 4365 366 4422 titulis
386 4382 512 4421 ansarum
532 4367 687 4421 Cnidiorum
706 4367 739 4421 ci.
759 4367 988 4433 Collitz-Beohtel,
1008 4365 1097 4420 Insoh.
1117 4381 1142 4420 v.
1161 4365 1266 4420 Knidos
1285 4365 1324 4433 (v.
1337 4363 1375 4434 i).

384 4457 413 4523 8)
433 4457 469 4510 ad
487 4455 559 4511 ele
577 4456 607 4511 Π
625 4457 705 4512 2008.
