3156 5080
1097 764 1147 965 4
1167 558 1279 894 ζ
1375 596 1379 604 ·

528 921 870 1081 Conspectus.
983 943 1046 1066 et

214 1405 397 1472 Exordium
423 1405 463 1468 de
487 1405 636 1470 fontibus
679 1456 1086 1471 .....
1180 1426 1210 1486 p.
1259 1415 1288 1472 5.

41 1508 44 1521 ⁵
140 1532 169 1596 Ι.
193 1562 197 1578 ·
219 1531 258 1595 de
284 1530 417 1610 oppidis
441 1532 640 1609 populisque
664 1532 761 1608 regni

331 1662 359 1721 l.
386 1655 425 1720 do
451 1655 582 1734 oppidis
606 1657 794 1735 Europaeis
876 1709 881 1720 .
976 1710 981 1721 .
1077 1710 1083 1720 .
1185 1711 1200 1737 ‚,
1260 1667 1290 1723 7.

330 1770 359 1827 2.
387 1763 426 1828 de
451 1763 583 1842 oppidis
608 1765 770 1829 Asiaticis
879 1817 884 1828 .
978 1817 984 1828 .
1079 1817 1084 1828 .
1187 1817 1201 1846 „
1238 1773 1288 1830 10.

44 1884 51 1939 1
331 1876 360 1934 3.
386 1871 426 1934 de
450 1871 583 1949 populis
676 1873 706 1934 ,⁴
776 1923 782 1934 .
876 1923 882 1934 .
977 1924 982 1935 .
1078 1924 1084 1934 .
1187 1925 1202 1952 ,.
1238 1879 1289 1938 11.

43 1942 52 2065 ·Ι
123 2016 170 2080 ΙΙ.
220 2015 385 2079 derebus
411 2017 560 2078 externis

43 2104 50 2211 1
332 2146 361 2208 1.
387 2140 426 2204 de
452 2142 583 2221 origine
609 2150 643 2206 et
668 2143 917 2207 consociatione
977 2195 982 2206 .
1077 2193 1084 2205 .
1168 2193 1202 2221 .‚.
1240 2148 1290 2206 14.

331 2255 360 2312 2.
387 2248 551 2313 derebus
575 2251 683 2329 gestis
708 2249 980 2327 Spartooidarum
1079 2303 1085 2314 .
1196 2301 1203 2317 .
1287 2303 1291 2314 .

50 2408 56 2473 t
112 2392 178 2458 ΠΙ.
227 2392 267 2456 de
291 2401 383 2458 statu
408 2393 502 2458 oiuili

52 2486 60 2663 ἱ
334 2524 361 2582 1.
388 2517 428 2582 de
453 2520 653 2596 magistratu
679 2569 685 2582 .
779 2570 785 2582 .
879 2571 884 2582 .
978 2571 984 2582 .
1080 2571 1087 2582 .

446 2625 485 2690 de
512 2626 781 2691 denominatione
856 2709 859 2718 .

445 2734 484 2798 de
508 2752 546 2798 re
570 2735 711 2799 militari

445 2842 484 2906 de
510 2842 800 2908 administratione

447 2949 486 3012 de
511 2951 677 3016 reditibus
702 2959 736 3015 et
760 2952 946 3029 sumptibus

444 3057 483 3120 de
509 3075 545 3121 re
570 3059 748 3123 iudiciaria

335 3171 365 3228 2.
390 3164 430 3228 de
454 3183 491 3229 re
516 3167 700 3230 nummaria
782 3219 787 3230 .
882 3219 887 3230 .
982 3219 988 3230 .
1084 3217 1089 3228 .
1201 3217 1207 3233 .
1289 3207 1296 3220 ·

336 3277 365 3335 3.
393 3271 558 3336 derebus
584 3275 690 3337 saeris
783 3327 789 3338 .
884 3327 889 3338 .
984 3327 989 3338 .
1085 3325 1091 3336 .

334 3383 365 3442 4.
392 3379 431 3443 de
457 3382 655 3444 oommeroio
682 3433 688 3444 .
783 3434 787 3444 .
882 3434 888 3446 .

334 3490 364 3548 5.
391 3485 430 3549 de
455 3487 627 3564 proxeuiis
680 3539 685 3550 .
780 3541 785 3550 .
880 3541 885 3552 .
981 3542 986 3553 .
1082 3541 1088 3551 .
1202 3539 1209 3552 .
1290 3539 1297 3551 .

334 3599 364 3655 6.
392 3593 431 3656 de
456 3594 528 3658 vita
553 3596 687 3672 privata
785 3647 790 3658 .
885 3649 890 3659 .
985 3649 991 3660 .
1087 3647 1093 3658 .
1204 3647 1210 3660 .
1291 3647 1297 3658 .

58 2782 62 2841 1
