3156 5080
609 481 828 541 -27-

126 670 434 756 Harpocratione2)
466 679 501 737 et
524 672 761 737 Demosthenis
786 672 1007 748 scholiasta2)
1031 671 1172 751 Satyrus
1197 671 1304 734 Theu-

126 779 256 844 dosiam
304 798 499 858 oppugnans
547 787 698 844 mortuus
734 797 807 844 esse
843 778 962 844 161111.
1019 777 1113 845 Unde
1150 778 1304 842 conicere

125 886 211 952 licet
239 887 329 951 bella
354 905 426 951 cum
450 885 694 951 Γ11611166161116
719 894 850 951 etcum
898 886 1059 950 Sarmatis
1084 885 1183 948 simul
1206 891 1304 964 gesta

126 1011 219 1075 esse,
251 992 350 1073 idque
387 1000 465 1058 ante
498 993 604 1071 ipsam
635 992 750 1074 Satyri
781 1000 932 1057 mortem.
978 992 1064 1056 Esse
1089 998 1199 1056 autem
1230 1009 1303 1054 eum

126 1107 295 1165 mortuum
313 1101 354 1164 61
372 1099 521 1164 dolorem
538 1099 600 1163 filii
625 1099 809 1181 1116116611,
827 1117 923 1178 quem
941 1117 1001 1164 sua
1019 1098 1117 1177 culpa
1133 1099 1302 1179 amiserat,

124 1215 228 1286 atque
261 1226 334 1272 cum
364 1206 427 1271 duo
460 1207 492 1271 ei
515 1214 738 1288 remanerent,
762 1207 870 1270 minus
894 1207 976 1270 mihi
999 1206 1163 1284 probatur
1186 1212 1224 1270 ut
1247 1222 1303 1270 166

124 1319 246 1392 poetae
277 1313 401 1378 fabulis
426 1314 600 1392 eleganter
624 1321 751 1378 ornata.
799 1312 1009 1378 Theudosiae
1044 1313 1151 1392 igitur
1182 1313 1217 1376 in
1247 1313 1302 1376 61-

124 1420 255 1485 sidione
288 1440 360 1486 cum
392 1422 465 1486 vita
488 1421 708 1502 decessisset,
746 1421 894 1486 tumulus
919 1421 950 1484 61
976 1427 1167 1485 exstructus
1192 1419 1302 1484 estin

125 1529 280 1592 Asiatica
304 1528 448 1606 Bospori
474 1527 643 1592 Cimmerii
668 1546 729 1592 616
753 1529 848 1592 iuxta
863 1523 1089 1610 Petraeum),
1115 1527 1144 1590 si
1169 1525 1300 1605 quidem

124 1635 302 1700 Strabonis
338 1636 442 1700 verba
480 1634 522 1698 ad
552 1636 639 1699 hunc
670 1634 826 1715 Satyrum
858 1641 1020 1713 spectant.
1075 1633 1153 1698 Noli
1184 1633 1301 1698 mirari

122 1741 359 1823 Panticapaei,
392 1742 427 1806 in
458 1741 530 1819 ipso
555 1742 652 1820 regni
677 1742 802 1824 capite,
834 1760 907 1806 eum
930 1731 997 1804 non
1021 1758 1094 1805 esse
1119 1740 1296 1820 sepultum,

124 1847 391 1927 quandoquidem
425 1849 525 1912 etiam
561 1849 639 1912 aliis
670 1849 754 1912 locis
785 1847 931 1927 undique
961 1847 1151 1925 conspicuis
1179 1847 1300 1912 tumuli

124 1955 212 2035 regii
248 1963 363 2036 erant,
409 1956 504 2021 velut
529 1955 763 2036 Comosaryes,
800 1956 858 2034 qui
893 1962 946 2020 661
982 1955 1083 2019 etiam
1117 1955 1225 2032 magis
1258 1953 1300 2018 ad

124 2063 288 2126 orientem
320 2081 449 2128 versus.
496 2061 625 2126 Deinde
655 2081 721 2126 non
753 2069 805 2126 661
836 2061 986 2143 dubium,
1019 2061 1098 2140 quin
1123 2069 1299 2140 utrumque

121 2167 207 2232 illud
248 2169 373 2234 bellum
405 2169 503 2234 simul
534 2170 609 2248 geri
642 2169 803 2247 potuerit.
866 2169 981 2247 Neque
1013 2169 1100 2232 enim
1130 2167 1299 2234 assiduum

122 2276 294 2340 Sarmatas
325 2277 449 2341 bellum
483 2277 630 2355 gessisse
668 2277 749 2340 mihi
774 2294 971 2355 persuasum
994 2277 1111 2340 habeo.
1158 2277 1205 2342 Ut
1228 2296 1298 2341 mos

125 2401 242 2447 eorum
274 2391 364 2464 erat,
398 2385 546 2462 equitum
576 2391 709 2448 turmae
742 2391 882 2462 repente
916 2384 1062 2448 hostium
1092 2391 1218 2448 terram
1249 2385 1298 2448 iu-

120 2507 260 2568 gressae
291 2509 357 2555 nou
389 2491 497 2555 minus
528 2491 595 2555 cito
621 2490 837 2556 discedebant
866 2491 995 2569 rapinis
1020 2499 1054 2556 et
1079 2490 1172 2555 clade
1196 2490 1296 2556 facta.

119 2597 189 2662 Per
235 2615 271 2661 se
321 2605 430 2663 autem
479 2605 611 2663 constat
650 2597 881 2676 expeditiones
920 2616 1034 2662 eorum
1070 2597 1192 2662 fretum
1231 2617 1297 2663 non

119 2704 310 2783 transiisse;
334 2705 432 2769 immo
449 2706 607 2785 regiones
625 2705 727 2770 Asiae
743 2705 924 2784 praecipue
941 2705 1130 2787 Sindonum,
1145 2706 1297 2770 manibus

121 2828 236 2875 eorum
282 2811 434 2890 proditas
480 2811 596 2877 111666.
662 2812 710 2878 116
757 2820 867 2878 autem
906 2813 1128 2894 temporibus,
1176 2813 1296 2891 quibus

120 2917 294 2983 Sarmatae
328 2919 576 3002 expeditiones,
619 2939 701 3000 quas
737 2921 918 2999 prohibere
954 2921 1095 3001 Satyrus
1125 2920 1295 3002 nequibat,

119 3043 187 3088 non
211 3025 392 3108 faciebant,
419 3045 492 3092 cum
516 3027 708 3092 Theudosia
731 3028 859 3093 bellare
875 3028 1036 3109 perrexit,
1062 3026 1166 3092 donec
1183 3027 1295 3092 subito

119 3140 273 3197 mortuus
298 3141 359 3198 est.
387 3169 425 3176 —--
452 3133 517 3198 Sed
541 3154 606 3198 una
629 3153 685 3200 res
709 3134 883 3200 diflicilior
907 3136 1007 3200 etiam
1030 3133 1208 3199 tractanda
1232 3142 1293 3200 661.

120 3239 277 3304 Diximus
325 3241 411 3304 enim
459 3259 500 3306 ex
534 3242 698 3322 Polyaeni
736 3243 930 3308 testimonio
971 3241 1180 3321 Gorgippum
1218 3249 1295 3320 post

119 3345 236 3426 Satyri
259 3354 399 3411 mortem
416 3366 531 3427 regem
547 3348 671 3414 factum
689 3368 773 3414 esse.
821 3348 990 3414 Diodorus
1007 3355 1117 3412 611611
1134 3348 1294 3427 titulique

119 3452 335 3520 tradiderunt
358 3455 546 3520 Leuconem
593 3456 697 3521 filium
722 3457 843 3537 Satyro
868 3456 1083 3521 successisse.
1131 3453 1194 3520 Sed
1228 3456 1293 3521 iam

117 3559 260 3638 primum
277 3561 516 3641 inscriptiones
533 3565 629 3628 nobis
646 3564 773 3629 auxilio
791 3571 878 3629 sunt.
904 3565 1017 3628 Titulo
1036 3563 1122 3628 enim
1139 3565 1213 3629 Lat.
1229 3568 1291 3628 343

117 3668 230 3731 Leuco
255 3668 370 3750 Satyri
402 3669 491 3735 filius
516 3671 660 3751 Bospori
691 3679 726 3737 61
749 3671 958 3736 Theudosiae
982 3679 1111 3736 tantum
1135 3672 1292 3750 princeps

117 3782 275 3857 vocatur,
310 3795 381 3841 cum
411 3777 495 3842 alias
520 3796 652 3856 semper
676 3773 864 3857 complures
887 3779 1003 3858 populi
1027 3779 1163 3843 barbari
1186 3796 1291 3859 regno

118 3881 263 3947 subiecti
304 3883 540 3964 adiungantur.
603 3885 675 3951 Hoc
714 3887 744 3950 si
784 3905 856 3951 cum
895 3887 1058 3967 Polyaeni
1096 3886 1291 3951 narratione

119 3990 358 4073 componimus,
383 3993 543 4057 tenebrae
570 4002 783 4060 evanescunt.
832 3993 1036 4072 Gorgippus,
1061 3994 1090 4058 si
1115 3995 1156 4058 ab
1172 3994 1292 4072 regina

117 4096 343 4162 Sarmatarum
397 4099 541 4164 victrice
584 4101 742 4178 precibus
783 4108 904 4180 pacata
944 4119 1084 4180 regnum
1127 4099 1291 4179 quoddam

118 4205 264 4285 accepit,
300 4205 386 4270 nihil
419 4207 574 4285 accipere
605 4215 741 4286 poterat
770 4208 837 4273 nisi
871 4206 958 4289 quod
985 4208 1106 4288 regina
1129 4207 1289 4273 habebat:

118 4323 328 4337 Q...—

225 4398 289 4463 1)6.
310 4412 335 4450 v.
359 4393 504 4453 Θευδοσία.

222 4486 251 4554 2)
270 4485 313 4540 ad.
332 4486 407 4542 Dein.
426 4487 578 4559 6116111
609 4489 634 4544 7.

223 4575 251 4644 3)
270 4574 358 4631 strab.
378 4575 492 4634 X1494.
