3156 5080
248 1764 392 1828 Maxime
422 1764 598 1828 dolendum
628 1765 739 1828 estin
764 1764 807 1826 iis
832 1763 1030 1828 civitatibus
1055 1759 1206 1840 Graecis,
1232 1771 1316 1832 quae

141 1891 162 1934 a
193 1871 356 1934 communi
400 1871 512 1950 patria
550 1872 649 1949 longe
687 1877 837 1934 remotae
869 1876 903 1932 et
935 1867 1080 1945 undique
1112 1885 1131 1930 a
1162 1867 1316 1930 barbaris

144 1976 366 2042 circumdatae
397 1979 501 2044 vitam
534 1977 700 2058 degebant
724 1975 972 2056 difficillimam,
1010 1992 1205 2052 quamquam
1237 1973 1317 2037 illae

143 2083 184 2148 ad
208 2084 457 2164 propagandam
481 2085 688 2149 humanioris
712 2085 804 2149 vitae
827 2083 992 2147 rationem
1016 2081 1194 2160 plurimum
1229 2089 1317 2146 attu-

142 2192 271 2272 lerunt,
321 2210 432 2256 rerum
465 2193 650 2270 scriptores
683 2211 748 2255 non
779 2191 967 2271 exstitisse,
1009 2191 1066 2268 qui
1097 2189 1249 2252 facinora
1280 2208 1319 2252 ac

142 2297 313 2380 fortunas,
348 2317 457 2363 mores
489 2298 666 2378 studiaque
698 2316 833 2362 suorum
864 2297 1011 2375 posteris
1042 2295 1226 2361 traderent.
1279 2295 1318 2360 In

143 2405 197 2468 his
234 2404 396 2470 Graeciae
440 2413 607 2485 tamquam
650 2406 801 2469 excubiis
844 2411 896 2468 est
930 2422 1069 2481 regnum
1106 2404 1140 2466 in
1176 2411 1319 2481 utraque

146 2513 291 2589 Bospori
317 2512 486 2576 Cimmerii
518 2531 577 2576 ora
603 2513 781 2593 conditum,
807 2511 846 2574 de
871 2529 935 2589 quo
960 2511 1023 2573 iarn
1050 2529 1151 2588 agere
1175 2511 1319 2574 institui.

145 2617 348 2700 Quamquam
374 2621 460 2683 enim
485 2619 524 2684 de
549 2621 621 2684 eius
647 2618 842 2683 condicione
867 2629 901 2682 et
923 2617 1024 2681 rebus
1048 2617 1200 2682 amultis
1216 2617 1321 2680 multa

146 2734 282 2790 narrata
314 2734 408 2808 sunt,
442 2728 477 2790 in
509 2728 628 2806 quibus
652 2727 790 2791 Boeckh
825 2725 930 2790 Grote
962 2725 1096 2790 Olinton
1120 2725 1320 2806 Latyschev‚

149 2839 258 2897 tamen
282 2840 317 2897 et
340 2833 452 2898 titulis
476 2835 573 2899 novis
591 2833 738 2898 inventis
756 2840 790 2897 et
806 2833 1008 2910 scriptorum
1026 2833 1111 2896 locis
1129 2833 1320 2896 accuratius

147 2941 321 3018 perpensis
352 2941 459 3018 magis
483 2941 656 3019 magisque
681 2941 850 3004 illustrari
874 2946 997 3020 potest,
1023 2939 1139 3018 quanti
1163 2940 1321 3003 momenti

146 3046 231 3111 illud
254 3065 394 3126 regnum
420 3047 490 3111 illis
514 3047 711 3127 regionibus
735 3046 848 3111 fuerit.
866 3081 910 3089 -
926 3047 976 3110 De
1001 3064 1065 3124 quo
1087 3065 1191 3126 regno
1209 3065 1321 3110 rerum

146 3151 332 3232 scriptores
374 3140 507 3220 veteres
552 3172 713 3232 nusquam
759 3153 995 3218 disertioribus
1038 3155 1152 3218 verbis
1196 3154 1321 3235 dicunt,

149 3259 269 3324 nedum
299 3261 434 3340 longius
459 3279 619 3324 annorum
644 3261 788 3338 spatium
812 3279 877 3323 uno
902 3267 1019 3324 tenore
1045 3262 1321 3338 complectantur.

147 3367 279 3458 Summa
309 3369 494 3432 auctoritas
518 3368 592 3432 iure
616 3367 808 3432 vindicatur
832 3369 890 3448 iis,
928 3385 1011 3446 quae
1036 3375 1188 3432 oratores
1213 3369 1322 3432 Attici

149 3474 343 3537 occassione
368 3473 446 3538 data
470 3476 525 3538 hic
549 3475 604 3540 vel
628 3475 701 3538 illic
726 3475 929 3556 attulerunt,
954 3475 1077 3553 quippe
1102 3476 1158 3553 qui
1182 3493 1237 3538 res
1262 3493 1323 3539 sua

147 3581 296 3658 ipsorum
327 3573 447 3646 aetate
468 3590 583 3661 gestas
614 3589 807 3646 memorent.
854 3581 900 3646 Et
931 3583 1082 3660 quamvis
1115 3583 1321 3660 litigantium

150 3695 321 3752 oratorum
346 3687 457 3754 studio
483 3696 517 3753 et
534 3690 585 3752 ira
601 3707 656 3752 res
673 3688 841 3754 interdum
859 3690 1060 3767 exaggerari
1078 3697 1136 3754 ant
1153 3691 1322 3754 attenuari

149 3794 290 3876 soleant,
315 3801 425 3858 tamen
449 3795 530 3875 fingi
555 3814 611 3860 eas
632 3815 698 3860 non
714 3797 849 3862 licebat.
888 3798 999 3875 Atque
1017 3797 1152 3874 saepius
1170 3805 1323 3862 oratores

148 3901 216 3982 illi,
241 3902 362 3982 Lysias
385 3902 554 3968 Isocrates
578 3904 821 3968 Demosthenes
845 3905 1031 3968 Aeschines
1055 3905 1244 3969 Dinarchus
1268 3923 1324 3969 res

150 4010 363 4087 Bosporanas
387 4011 586 4088 attigerunt.

187 4131 189 4136 ’
256 4134 360 4198 Plura
394 4135 501 4200 tradit
531 4135 700 4200 Diodorus
739 4137 778 4200 de
809 4137 924 4214 priore
958 4143 1050 4200 certe
1083 4143 1206 4201 aetate.
1261 4137 1324 4202 Sed

117 4282 119 4287 ,
150 4241 254 4305 etiam
286 4241 315 4305 is
348 4242 556 4320 plerumque·
575 4243 661 4306 nihil
692 4250 853 4307 memorat
876 4243 942 4306 nisi
968 4243 1042 4320 quis
1067 4230 1141 4321 quo
1156 4263 1240 4307 anno
1266 4246 1325 4308 im·

150 4348 281 4427 perium
328 4350 517 4427 susceperit
563 4357 621 4415 aut
667 4351 823 4429 quamdiu
861 4351 1059 4430 regnaverit
1097 4359 1156 4416 aut
1195 4351 1324 4430 quando

148 4463 302 4522 mortuus
333 4457 394 4538 sit,
429 4456 528 4536 idque
560 4477 633 4522 cum
665 4470 702 4524 ut
733 4459 900 4523 annalium
925 4459 1073 4536 scriptor
1096 4477 1151 4522 res
1176 4459 1266 4523 inter
1289 4478 1325 4524 se
