3156 5080
747 489 878 548 ..10
926 521 966 530 .-

273 697 384 744 ensem
410 687 544 758 portum
570 679 774 762 aequaret1).
815 681 934 759 Itaque
959 681 1149 746 Theudosia
1172 682 1237 746 iam
1263 681 1341 745 olim
1376 699 1453 744 cum
1569 759 1571 764 Ι

271 783 496 865 Panticapaeo
522 787 562 852 de
588 789 785 853 commercio
810 789 951 852 Pontico
977 787 1174 865 certabam).
1444 793 1457 800 ”

379 895 486 957 Trans
517 893 640 959 fretum
671 895 706 958 in
741 895 895 959 Asiatica
932 895 1030 974 regni
1064 903 1160 973 parte
1194 894 1453 972 opulentissima
1570 967 1571 974 ,

273 1010 347 1065 erat
370 1002 586 1079 Phanagoria
610 1002 644 1064 in
677 1002 801 1081 angulo
833 1003 926 1066 sinus
960 1000 1284 1066 Corocondamitidis
1314 1002 1453 1078 penitus

272 1107 449 1171 interram
467 1108 630 1171 irruentis
654 1109 730 1172 sita.
778 1109 831 1172 Ab
848 1127 1010 1189 anonymo
1028 1116 1138 1172 autom
1161 1109 1230 1172 Por.
1249 1108 1345 1172 Pont.
1363 1107 1452 1170 Eux.
1570 1097 1571 1100 '

273 1210 306 1296 (ἕ
325 1219 379 1278 46.
405 1211 462 1298 47)
487 1221 691 1278 memoratur
708 1222 743 1279 et
761 1209 956 1295 Φαναγόρου
974 1209 1070 1283 πόλις
1087 1222 1121 1279 11
1140 1208 1357 1296 Φαναγόρεω.
1405 1222 1455 1278 At

273 1321 413 1402 Scylax,
438 1318 472 1404 (ξ
498 1318 553 1405 72)
579 1321 740 1401 Scymnus
765 1321 867 1386 Chius
892 1318 984 1403 (886)
1010 1323 1130 1386 Strabo
1166 1321 1229 1398 (XI
1243 1323 1321 1398 495)
1353 1331 1454 1384 unam

272 1437 402 1493 tantum
426 1429 673 1508 Phanagoriam
705 1427 871 1492 adferunt.
929 1427 1014 1492 Item
1044 1428 1237 1492 Ammianus
1269 1428 1372 1492 XXII
1389 1433 1453 1508 8³⁰,

272 1535 404 1599 Plinius
439 1554 470 1598 n.
501 1535 644 1616 Hvio,
668 1536 782 1613 Pomp.
818 1535 916 1598 Mela.
976 1535 1081 1599 11912
1129 1535 1314 1613 Utrumque
1366 1534 1454 1598 illud
1570 1611 1571 1616 ἵ

273 1661 393 1706 nomon
417 1641 504 1721 apud
529 1642 704 1721 Scymnum
731 1643 833 1706 etiam
857 1640 1052 1721 inducerel)
1083 1660 1148 1705 non
1180 1641 1285 1705 licere
1316 1640 1454 1722 iudico,

273 1751 474 1828 praesertim
493 1767 565 1812 cum
579 1767 618 1811 11
636 1747 780 1826 duppler
798 1767 928 1827 quoque
947 1748 1056 1832 Κῆπος
1080 1757 1114 1812 11
1131 1749 1243 1808 urnac
1259 1749 1453 1813 exsisteret.

275 1856 339 1920 Sed
362 1858 468 1921 verba
493 1856 648 1935 anonymi
674 1854 822 1919 confusis
845 1855 995 1920 fontibus
1020 1863 1095 1919 orta
1119 1873 1194 1919 esse
1219 1873 1344 1919 summo
1378 1856 1455 1919 iure
1570 1935 1571 1940 ἵ

275 1963 429 2026 adfirmes
441 1965 478 2041 ⁴).
515 1995 556 2006 -
594 1963 707 2026 Verba
742 1961 860 2026 deinde
897 1963 1094 2044 Strabonis,
1130 1963 1376 2040 Phanagoriam
1413 1963 1457 2026 ad

276 2070 448 2134 sinistram
474 2069 582 2133 sinum
607 2070 767 2133 intrantis
792 2071 891 2134 sitam
916 2086 1000 2150 esse,
1026 2088 1091 2147 qua
1113 2069 1246 2133 ratione
1262 2077 1357 2132 recta
1374 2070 1455 2150 sint,

277 2175 431 2240 conferas
455 2175 632 2239 Neumanii
663 2175 812 2239 locorum
846 2175 1122 2257 descriptionem,
1151 2176 1208 2254 qui
1239 2194 1342 2254 aquas
1374 2176 1456 2239 olim

276 2284 379 2348 aliter
402 2281 539 2347 fluxisse
565 2283 689 2361 optime
714 2281 930 2347 demonstrat.
978 2283 1242 2346 Accuratissime
1267 2283 1353 2346 enim
1378 2299 1456 2360 pro-

276 2391 358 2454 bare
376 2389 499 2471 studet,
525 2390 642 2471 lacurn,
669 2391 726 2469 qui
750 2389 849 2453 hodie
873 2397 1015 2455 vocatur
1031 2388 1200 2470 Temrjuk,
1226 2389 1266 2453 ad
1291 2391 1457 2454 orientem

276 2497 491 2575 Phanagoria
525 2515 645 2562 versus
681 2498 801 2578 situm,
838 2497 917 2560 olim
943 2515 1014 2560 oum
1041 2497 1115 2560 sinu
1141 2496 1456 2561 Corooondamitide

278 2605 488 2669 coniunctum
513 2603 628 2685 fuisse,
654 2605 748 2668 cuius
772 2605 822 2667 rei
854 2605 1003 2682 vestigia
1020 2603 1119 2668 etiam
1136 2622 1224 2667 nunc
1241 2604 1458 2668 inveniantur
1570 2605 1571 2620 ³

278 2711 319 2775 ad
343 2710 516 2775 meridiem
540 2711 755 2788 Phanagoria
778 2730 897 2776 versus
923 2712 957 2774 iu
973 2711 1115 2790 planitie
1132 2710 1287 2788 palustri.
1334 2711 1455 2789 ltaque
1570 2717 1571 2730 ¹

279 2819 455 2883 Strabonis
478 2820 582 2883 verba
605 2826 701 2882 rocta
732 2836 816 2882 esse.
865 2818 1020 2882 Ceterum
1051 2817 1228 2881 Naumanii
1261 2818 1457 2882 coniectura

278 2927 387 3005 magis
410 2926 574 3003 probatur
598 2927 716 2989 charta
739 2926 978 3005 geographica,
1004 2933 1156 3003 quaeest
1180 2925 1214 2988 in
1241 2925 1457 3004 „Antiquitas

281 3032 323 3096 du
358 3033 533 3110 Bosphoro
573 3033 773 3097 Cimmerion
818 3028 971 3114 (kaiserl.
1008 3029 1161 3112 Ausg.l“,
1205 3051 1301 3110 quam
1338 3033 1458 3096 charta
1569 3053 1571 3058 ’

280 3141 518 3222 Latyschevii,
553 3139 731 3204 secundum
756 3158 852 3218 quem
884 3139 966 3203 litus
998 3138 1321 3204 Corocondamitidis
1353 3139 1457 3203 altius

280 3257 315 3313 et
339 3267 515 3312 saxuosum
541 3247 676 3313 videtur
700 3265 783 3317 esse.
832 3246 896 3311 Sed
932 3248 1089 3312 universa
1125 3247 1172 3310 ibi
1207 3255 1321 3310 torrae
1358 3247 1457 3310 confi-

280 3357 415 3434 guratio
440 3375 459 3419 a
483 3357 634 3433 Bosporo
660 3353 808 3432 usquead
833 3354 1014 3419 Caucasum
1038 3354 1126 3418 fluxa
1150 3361 1184 3418 et
1200 3355 1377 3419 variabilis
1395 3363 1458 3452 est,

282 3487 354 3532 cum
379 3465 574 3542 saepissime
600 3463 704 3527 colles
729 3470 909 3542 assurgant
924 3463 1094 3528 vulcanici
1110 3463 1216 3525 lutum
1234 3469 1268 3526 11
1285 3463 1457 3539 pulverem
1570 3549 1571 3552 Ἴ

281 3592 440 3654 aquosum
458 3571 632 3635 eicientes.
658 3605 701 3612 —
724 3570 770 3636 Ut
787 3577 896 3634 autem
913 3569 1141 3650 Panticapaei,
1159 3570 1208 3632 ita
1223 3570 1458 3649 Phanagoriae
1570 3639 1571 3648 ,

281 3699 400 3746 nomen
423 3698 489 3743 non
515 3679 639 3757 ubique
664 3677 751 3742 idom
776 3685 845 3740 est:
875 3677 996 3742 Strabo
1022 3677 1153 3755 quidem
1186 3676 1269 3741 dicit
1300 3677 1457 3755 oppidum

281 3789 447 3853 nominari
487 3777 506 3867 ἡ
533 3780 745 3867 Φαναγόρεια
780 3785 835 3850 vel
869 3779 905 3845 cd
939 3779 1175 3866 Φαναγόρειον.
1234 3784 1310 3862 Ipse
1346 3794 1459 3850 autem
1570 3789 1571 3794 ’

282 3895 420 3959 adhibet
454 3887 494 3955 ad
533 3887 744 3972 Φαναγόρεια
783 3909 923 3970 quoque.
981 3891 1122 3955 Nomina
1161 3891 1339 3968 gentilicia
1380 3901 1460 3958 sunt

286 4002 514 4084 Φαναγορίτης
528 4008 562 4065 11
577 3993 826 4081 Φαναγορεύςῡ)
845 3999 1056 4063 hocalterum
1068 3997 1247 4061 secundum
1257 3998 1462 4075 Stephanum
1570 4009 1571 4064 ἕ

392 4161 419 4223 1)
439 4159 515 4213 Dem.
536 4157 710 4224 11111127
731 4155 836 4226 (Wolf).

391 4249 419 4318 9.)
438 4249 579 4302 Neumaun
598 4247 615 4300 1.
635 4247 653 4301 l.
672 4247 734 4301 469.

392 4343 420 4405 3)
441 4339 510 4392 Voss
530 4337 602 4406 apud
620 4335 691 4403 Gail,
710 4335 809 4404 Geogr.
829 4334 875 4388 Gr.
896 4333 961 4387 min.
980 4333 1023 4387 Ill
1041 4334 1095 4386 240
1113 4348 1171 4400 sqq.

390 4431 419 4498 4)
439 4429 473 4482 cf.
492 4427 597 4494 11111111,
618 4426 718 4495 Googr.
738 4424 784 4479 Gr.
804 4422 1034 4478 1111123311.
1054 4439 1079 4478 1.
1098 4423 1160 4476 878.

391 4522 418 4600 5)
436 4518 465 4572 11
483 4517 598 4576 nummis
617 4515 800 4583 1111111111,
820 4513 982 4581 description
1001 4513 1033 4568 de
1052 4511 1192 4570 1111111111
1211 4512 1240 4564 II
1258 4511 1321 4568 333.
