3156 5080
615 521 835 581 -59-

137 713 229 792 (8,73
248 709 305 794 g),
341 719 521 790 propterea
557 711 645 790 quod
679 713 873 776 Persarum.
893 715 1016 777 nummi
1052 715 1147 778 aurei
1184 715 1248 778 iam
1285 715 1319 778 in

137 819 229 882 omni
256 819 400 884 Graecia
434 819 531 882 multi
567 821 790 896 exstabant¹l.
850 821 1026 884 Persarum
1064 829 1174 886 autem
1212 839 1317 900 regno

138 933 305 1002 occupato
340 925 532 989 Alexander
567 934 747 1004 argenteos
783 928 1039 992 Atheniensium
1072 946 1221 991 nummos
1256 946 1317 1006 per

136 1039 230 1096 totos
255 1031 336 1096 fines
360 1033 612 1113 propagante,
645 1034 694 1097 ita
718 1042 755 1098 ut
779 1041 814 1098 et
837 1035 931 1097 aurei
957 1042 991 1098 et
1015 1035 1170 1113 argentei
1194 1035 1317 1104 nummi

136 1155 199 1216 per
238 1146 345 1202 totum
387 1138 551 1202 Graecum
592 1140 704 1203 orbem
746 1148 839 1204 certo
879 1141 1019 1219 quodam
1059 1141 1175 1206 valore
1211 1159 1316 1220 eoque

135 1246 338 1310 Atheniensi
376 1242 711 1327 (111111111011101Ξ
731 1251 864 1327 11271)
901 1254 936 1311 11
966 1255 1060 1311 certa
1083 1249 1189 1312 mutui
1213 1249 1317 1326 pretii

135 1353 302 1426 ratione⁸l
328 1351 583 1418 excuderentur.
630 1353 788 1417 Nummus
813 1354 921 1433 igitur
943 1354 1097 1432 spartum
1123 1363 1315 1434 argenteae,

138 1459 260 1536 quippe
294 1459 351 1537 qui
383 1476 423 1522 ex
454 1458 562 1525 medio
587 1461 722 1524 saeculo
747 1461 851 1524 tertio
876 1479 950 1524 esse
974 1460 1147 1541 videatur,
1181 1462 1239 1526 vix
1264 1469 1316 1526 est

140 1564 291 1646 dubium,
329 1567 407 1644 quin
432 1567 527 1630 illum
551 1567 700 1632 valorem
725 1575 861 1632 secutus
886 1569 941 1632 sit.
988 1569 1035 1632 Et
1058 1569 1196 1648 nummi,
1232 1586 1315 1647 quos

136 1673 322 1752 Catalogue
355 1673 393 1736 of
417 1673 475 1738 the
500 1672 558 1736 Gr.
585 1692 611 1736 c.
637 1682 817 1751 argenteos
849 1693 889 1738 ex
922 1675 1118 1740 1111111111
1143 1683 1316 1740 enumerat

135 1775 173 1861 (l.
207 1780 228 1842 l.
255 1781 314 1844 =N.‘
336 1778 478 1862 11-15)
524 1779 652 1858 pondus
697 1783 845 1846 Atticum
887 1783 1046 1846 exhibent
1085 1779 1314 1864 (didrachmon

133 1887 175 1950 N.
195 1885 397 1970 11Ξ8,41).
453 1890 557 1967 Atqui
593 1889 811 1970 Lysimachus
848 1891 1012 1954 Thraciae
1047 1891 1204 1968 princeps
1239 1908 1313 1967 per·

133 1995 259 2058 multos
289 2003 435 2060 stateres
459 2014 579 2060 aureos
605 1997 1160 2078 111111110101111111Α111111111,
1196 2004 1314 2074 postea

133 2120 197 2165 sua
229 2103 374 2179 imagine
407 2112 555 2168 ornatos.
602 2103 648 2168 Bt
678 2111 755 2181 post
788 2105 860 2168 eius
891 2113 1031 2168 mortem
1056 2104 1214 2184 Byzantii
1238 2121 1312 2181 per·

132 2217 306 2274 rexerunt
322 2209 491 2274 deteriore
514 2210 644 2289 quidem
668 2219 741 2274 arte
759 2211 1011 2290 Lysimachicos
1028 2220 1173 2276 stateres
1191 2210 1312 2275 cudere

133 2333 175 2379 ea
212 2325 343 2397 aetates·
381 2333 445 2395 qua
485 2317 577 2382 Galli
616 2319 651 2382 in
690 2320 835 2383 Thracia
874 2338 1012 2396 regnum
1050 2316 1311 2400 condiderant⁴).

134 2421 226 2502 Quos
262 2426 488 2502 sequebantur
523 2425 582 2488 alii
619 2443 749 2504 quoque
779 2427 895 2503 populi
929 2423 1107 2507 Pontion).
1155 2426 1234 2490 Cum
1259 2426 1312 2488 his

132 2531 318 2594 stateribus
336 2532 528 2611 Lysimachi
553 2532 779 2596 deterioribus
796 2532 1035 2612 Byzantiorum
1060 2550 1208 2594 nummos
1233 2533 1311 2596 illos

131 2637 326 2701 Paerisadis
360 2639 476 2702 11111
508 2639 669 2718 quandam
701 2638 954 2703 similitudinem
979 2640 1103 2702 habere
1127 2638 1194 2703 viri
1220 2637 1310 2702 docti

131 2763 339 2808 nummorum
364 2747 527 2810 scientiae
552 2746 657 2811 dediti
683 2755 894 2810 censuerunt.
936 2746 1076 2810 Constat
1100 2746 1207 2825 igitur
1231 2745 1310 2809 illos

130 2869 254 2914 aureos
267 2852 459 2916 Paerisadis
472 2854 621 2918 valorem
635 2853 885 2917 Macedonicum
899 2861 1033 2917 secutos
1048 2871 1131 2918 esse.
1157 2851 1308 2933 Accedit,

131 2965 171 3021 11
195 2958 353 3038 Cyziceni
390 2961 485 3025 brevi
521 2968 598 3038 post
622 2960 804 3024 Alexandri
841 2962 1044 3025 aetatemin
1069 2961 1219 3038 Bosporo
1244 2977 1309 3022 non

131 3065 198 3128 iam
217 3065 442 3130 inveniantur.
483 3067 538 3146 101
555 3067 768 3132 Mordtmann
784 3068 805 3131 l.
825 3068 859 3131 11
894 3069 1062 3132 Habemus
1079 3067 1176 3130 haec:
1201 3067 1308 3143 primo

131 3172 321 3248 Bosporani
353 3174 423 3237 suis
455 3175 596 3238 nummis
630 3176 826 3256 utebantur,
861 3175 917 3252 qui
941 3173 1069 3252 pondus
1093 3174 1308 3251 valoremque

130 3280 358 3357 sequebantur
383 3282 624 3361 Babylonicum
649 3283 816 3360 Asiaeque
841 3281 991 3362 1110111,
1016 3288 1051 3344 11
1074 3281 1186 3344 aureis
1212 3281 1308 3360 Cyzi-

130 3387 235 3450 cenis.
287 3389 369 3450 Tum
405 3397 541 3466 praeter
575 3390 634 3452 hos
670 3371 924 3454 Atheniensium
961 3389 1116 3466 argentei
1152 3386 1307 3466 frequen·

129 3494 255 3558 tissimi
280 3494 403 3560 fiebant
432 3498 629 3560 commercio
654 3495 794 3560 florente
819 3479 1026 3575 imperioque
1051 3495 1306 3560 Atheniensium

129 3608 308 3678 tantopere
344 3611 460 3684 aucte,
496 3606 694 3682 praesertim
732 3623 803 3668 cum
829 3605 1054 3668 Athenienses
1090 3603 1124 3666 in
1154 3603 1306 3680 Bosporo

129 3709 207 3786 plus
232 3719 381 3774 emerent
405 3729 500 3789 quam
525 3702 718 3778 venderent.
755 3712 907 3789 Denique
932 3712 1054 3775 nummi
1079 3711 1174 3774 aurei
1198 3709 1306 3773 Mace-

130 3815 251 3879 donum
291 3817 553 3882 Atheniensibus
598 3819 805 3884 accomodati
845 3827 882 3898 et
918 3819 1053 3882 illorum
1094 3817 1247 3895 argentei
1287 3836 1306 3880 a
1402 3836 1403 3839 ¹

128 3922 369 3988 Macedonibus
393 3927 547 4021 suscepti
567 3935 601 3992 et
617 3927 796 4006 propagati
821 3927 922 3990 etiam
938 3927 1125 4004 Bosporum
1142 3931 1306 4002 occupant
1355 4009 1358 4015 Ι

132 4065 342 4074 μη--Ἆ

241 4155 264 4219 1)
286 4153 399 4207 Hultsch
419 4169 444 4221 p.
463 4155 525 4220 242,
544 4153 574 4207 L.
595 4155 691 4209 llhller
708 4155 726 4209 1.
739 4155 756 4209 l.
770 4155 786 4223 ξ
799 4159 824 4210 3.

236 4243 265 4304 2)
284 4242 399 4296 Hultsch
418 4258 443 4310 p.
462 4245 523 4298 221.
543 4245 603 4297 244.

151 4357 154 4364 ·
237 4335 265 4395 3)
285 4347 444 4398 quamquam
465 4334 531 4386 baec
551 4333 667 4386 nondum
681 4333 784 4404 abipso
800 4333 952 4388 Alexandro
966 4333 1116 4388 0011111111
1128 4348 1185 4386 esse
1199 4332 1305 4386 videtur

129 4419 164 4474 ci.
183 4419 299 4474 Hultsoh
319 4437 343 4490 p.
363 4421 424 4487 246.

236 4513 265 4576 4)
284 4509 315 4566 11.
334 4509 431 4564 11111111
448 4510 466 4566 l.
484 4509 503 4564 l.
521 4527 548 4580 p.
565 4511 610 4578 29,
627 4513 671 4567 56.

235 4600 264 4668 6)
282 4598 301 4654 1
319 4597 337 4656 1
355 4615 382 4668 p.
401 4600 445 4655 35.
