3156 5080
737 485 942 544 ,26-

256 682 357 756 teste,
401 675 589 738 Leuconem
643 693 715 738 cum
767 675 981 739 Heracleotis
1026 675 1243 756 pugnavisse,
1291 675 1436 738 maxime

257 783 400 860 probare
441 782 523 846 mihi
561 781 695 846 videtur
732 782 817 846 hanc
852 781 956 845 luisse
987 777 1092 844 illam'
1113 800 1185 844 cum
1217 782 1435 846 Heracleotis

257 888 479 952 Γ1111111111111
538 888 774 954 adiuvantibus
829 888 1049 952 inimicitiam.
1127 886 1216 968 Quas
1269 889 1435 968 Polyaeni

256 996 469 1059 narrationes
494 995 625 1058 Melber
649 994 724 1076 (1.1.
750 998 966 1072 1581647.
990 991 1067 1074 649)
1093 1012 1134 1057 ex
1151 995 1286 1072 optimis
1303 994 1435 1073 fideque

257 1100 368 1180 dignis
394 1101 588 1164 auctoribus
613 1108 761 1179 sumptas
785 1118 859 1164 esse
875 1108 981 1179 putat.
1000 1136 1040 1144 —
1058 1100 1172 1180 Neque
1189 1120 1270 1168 vero
1289 1101 1436 1180 contigit

258 1207 390 1288 Satyr0,
414 1214 451 1271 ut
475 1205 697 1271 Theudosiam
722 1215 868 1285 caperet.
893 1208 974 1271 Nam
998 1225 1039 1271 nc
1064 1209 1126 1272 hoc
1152 1208 1283 1287 quidem
1308 1208 1434 1272 bellum

257 1314 598 1395 periculosissimum,
631 1321 669 1378 ut
702 1314 853 1395 volebat,
886 1321 1034 1378 tractare
1059 1322 1209 1394 poterat,
1234 1314 1321 1394 quod
1354 1333 1435 1393 opes

258 1422 330 1485 eius
372 1421 439 1484 alio
470 1438 601 1499 quoque
633 1421 707 1484 loco
741 1421 1035 1500 restringebantur
1066 1421 1434 1500 labefactabanturque.

258 1529 446 1592 Hecataeus
471 1528 557 1590 enim
575 1526 751 1591 Sindonum
773 1545 835 1590 rex
859 1546 878 1590 1
902 1528 1055 1592 barbaris
1079 1527 1230 1592 finitimis
1246 1547 1352 1606 regno
1378 1546 1435 1591 ex-

260 1635 376 1712 pulsus
401 1653 420 1697 a
444 1634 565 1714 Satyro
591 1634 751 1719 auxilium
777 1634 933 1714 petierat,
958 1633 1044 1712 quod
1069 1635 1098 1698 is
1121 1653 1187 1698 non
1203 1643 1434 1701 recusaverat.

266 1743 306 1804 Vi
331 1749 366 1806 11
390 1741 492 1804 armis
517 1733 591 1804 euin
615 1740 761 1822 reduxit,
787 1759 851 1818 qua
874 1758 912 1803 re
936 1741 1153 1805 autoritatem
1177 1743 1250 1806 eius
1275 1743 1339 1806 iam
1363 1749 1437 1806 tum

261 1850 295 1912 in
320 1847 432 1913 Sintiis
463 1849 637 1912 maximam
662 1848 835 1912 exstitisse
864 1854 967 1926 patet.
1017 1847 1080 1912 Sed
1113 1856 1150 1912 nt
1180 1849 1252 1926 ipse
1278 1858 1336 1913 aut
1359 1849 1436 1931 filii,

259 1957 287 2020 si
319 1955 390 2019 fors
427 1962 532 2036 esset,
572 1956 665 2034 regis
703 1955 797 2019 illins
833 1955 934 2019 etiam
970 1954 1111 2019 heredes
1152 1955 1285 2037 fierent,
1322 1957 1439 2034 coegit

259 2064 480 2143 Hecataeum,
512 2069 549 2126 ut
580 2061 681 2125 filiam
707 2080 799 2126 suam
825 2063 858 2125 in
882 2063 1128 2126 matrimonium
1153 2062 1301 2150 duceret.
1348 2063 1438 2126 Erat

259 2177 369 2233 autem
393 2169 555 2232 Hecataei
589 2169 654 2232 1111
684 2187 783 2250 uxor,
815 2168 1436 2248 1111111111111111111111111111.

260 2275 363 2357 Quam
395 2274 560 2340 trucidari
585 2276 726 2355 Satyrus
758 2276 867 2339 iussit.
916 2274 980 2340 Sed
1004 2276 1193 2340 Hecataeus
1226 2276 1333 2360 magis
1363 2294 1437 2339 eam

263 2383 403 2464 amavit,
441 2401 538 2461 quam
569 2389 606 2446 ut
637 2383 762 2446 iussum
796 2389 1011 2464 sequeretur,
1043 2390 1143 2461 atque
1167 2383 1202 2446 in
1226 2383 1437 2448 vinculaeam

262 2489 371 2554 conici
387 2490 471 2553 satis
489 2507 562 2553 esse
579 2489 795 2554 existimavit.
836 2488 963 2570 Quibus
981 2489 1062 2552 clam
1082 2488 1256 2553 dissolutis
1273 2489 1437 2583 Tingatao

259 2597 411 2660 maximis
437 2615 510 2660 cum
534 2597 716 2677 laboribus
741 2597 891 2674 quamvis
916 2595 1057 2676 Satyrus
1080 2603 1114 2660 11
1129 2597 1318 2660 Hecataeus
1343 2613 1437 2660 acer-

260 2705 344 2767 rime
362 2722 433 2768 eam
450 2711 743 2782 persequerentur,
769 2703 803 2766 in
820 2703 963 2781 patriam
980 2721 1072 2767 suam
1089 2703 1217 2783 effugit,
1235 2703 1292 2767 ubi
1309 2719 1436 2783 regem,

261 2812 318 2900 qui
359 2819 428 2875 tum
460 2811 672 2875 Iaxamatum
716 2817 807 2890 erat,
843 2811 986 2874 Veneris
1030 2809 1125 2873 donis
1156 2811 1222 2874 sibi
1253 2810 1437 2875 adstrinxit

261 2919 478 2999 impulitque,
510 2925 547 2981 ut
580 2916 650 2980 illis
682 2916 807 2980 bellum
839 2915 990 2980 inferret.
1046 2917 1272 2981 Sarmatarum
1305 2917 1436 2995 equites

261 3033 354 3089 totos
384 3024 560 3089 Sindorum
595 3031 629 3087 et
660 3023 774 3103 Satyri
807 3022 889 3087 fines
920 3024 1050 3101 rapinis
1082 3023 1306 3102 impleverunt
1328 3041 1436 3102 neque

263 3139 339 3196 ante
378 3129 616 3211 abscedebant,
661 3149 756 3208 quam
790 3138 930 3208 uterque
961 3149 1076 3208 pacem
1105 3130 1207 3208 petiit
1238 3129 1436 3208 obsidesque

267 3257 302 3304 11
327 3237 481 3302 daturum
500 3255 573 3302 esse
589 3238 755 3316 promisit.
802 3237 906 3301 Dedit
922 3238 1063 3318 Satyrus
1079 3236 1308 3302 Metrodorum
1332 3237 1436 3301 filium

262 3365 322 3424 pro
348 3346 506 3409 ambobus
531 3379 571 3388 -·
596 3342 684 3425 vide,
710 3351 915 3422 quantopere
939 3345 1127 3408 Hecataeus
1152 3345 1216 3408 iam
1241 3345 1435 3422 Bosporano

262 3471 367 3532 regno
401 3451 635 3516 adnumeratus
666 3452 721 3515 sit.
769 3451 837 3515 Nec
871 3469 936 3514 non
970 3451 1100 3515 tributa
1129 3448 1300 3528 pendenda
1332 3449 1437 3514 fuisse

264 3567 521 3624 consentaneum
563 3565 627 3632 111
683 3557 810 3638 Quibus
856 3578 875 3622 a
916 3559 1006 3621 curis
1042 3557 1183 3637 Satyrus
1219 3557 1365 3622 liberare
1401 3575 1437 3622 se

265 3668 401 3745 cupiens
426 3667 587 3730 barbaros
610 3666 729 3743 regina
746 3666 908 3743 Tirgatao
926 3665 1128 3742 interempta
1144 3664 1281 3728 turbare
1299 3672 1438 3728 conatus

265 3783 326 3838 est.
375 3772 439 3838 Sed
470 3791 543 3836 cum
574 3773 691 3836 sicarii
725 3773 813 3837 ictus
844 3791 928 3836 zona
956 3773 1095 3851 reginae
1125 3771 1305 3848 impeditus
1336 3756 1437 3854 esset,

266 3881 446 3945 tormentis
476 3878 637 3944 adhibitis
669 3878 811 3943 insidiae
844 3887 982 3957 apertae
1006 3887 1093 3943 sunt.
1140 3879 1252 3956 Atque
1276 3879 1438 3958 Tirgatao

266 3986 380 4051 obside
427 3994 545 4050 necato
594 3987 717 4050 bellum
761 3985 1011 4065 redintegravit
1045 3985 1174 4062 rapinis
1211 3992 1245 4048 11
1281 3983 1438 4049 caedibus

268 4095 378 4157 omnia
417 4094 570 4157 miscens.
632 4093 768 4158 1111111
807 4093 949 4173 Satyrus
988 4109 1177 4170 supremum
1216 4091 1302 4155 diem
1342 4092 1439 4174 obiit,

265 4201 435 4281 Polyaeno
468 4209 586 4265 autore
619 4191 809 4284 ἀθυμήσας,
843 4199 876 4264 11
906 4206 958 4263 111
991 4199 1106 4262 dolore
1138 4198 1210 4264 sive
1238 4197 1300 4262 filii
1324 4199 1440 4263 amissi

266 4309 338 4373 sive
368 4309 465 4388 regni
500 4307 633 4372 assidue
666 4308 852 4372 laborantis
876 4307 1061 4385 perculsus.
1110 4304 1303 4383 Gorgippus
1327 4312 1439 4369 autem

266 4415 354 4479 alter
386 4415 475 4479 filius
509 4415 649 4492 supplex
681 4407 843 4498 aregina
866 4431 1007 4498 regnum
1031 4411 1171 4489 accepit.
1186 4409 1221 4493 1).
1268 4412 1372 4493 Atqui
1396 4413 1438 4480 ab

374 4569 401 4652 1)
420 4570 547 4651 Polyaen.
566 4570 635 4632 VIII
647 4571 690 4632 tt.
