3156 5080
750 419 966 480 „42-

210 585 218 594 *
272 612 472 676 mentionem
500 611 593 675 facit.
638 610 709 674 Nec
739 629 805 674 non
835 629 985 674 nummus
1010 618 1122 675 exstat
1146 612 1329 696 argenteus
1353 611 1447 689 regis

273 718 446 799 Sparnoi,
480 735 576 797 quern
601 717 708 783 Sallet
744 716 827 781 dicit
856 735 920 781 non
951 736 1131 806 unoanno
1160 725 1237 795 post
1261 717 1446 782 Alexandri

273 832 417 890 aetatem
449 843 606 888 excusum
630 842 703 888 esse
715 822 749 906 ¹).
797 824 963 888 Leuconis
987 823 1022 888 Il
1046 823 1185 889 fratrem
1210 825 1448 902 interemptum

274 933 385 996 secuti
404 940 476 996 tres
493 933 616 995 nummi
633 935 842 1011 aereisunt,
868 949 950 1010 quos
974 931 1061 995 idem
1086 931 1193 996 Sallet
1216 932 1339 996 tribuit
1363 932 1449 995 Leu-

274 1039 349 1102 coni
387 1037 535 1118 cuidam,
571 1037 628 1116 qui
656 1036 830 1101 admodum
854 1037 954 1115 longe
979 1045 1056 1115 post
1081 1037 1307 1102 Alexandrum
1332 1037 1450 1119 fuerit,
1556 1051 1557 1076 ¹

275 1145 304 1208 is
329 1144 478 1208 estsine
503 1143 603 1208 dubio
628 1144 740 1208 Leuco
757 1141 839 1226 11²).
1555 1127 1557 1146 ’

378 1251 428 1315 De
461 1252 581 1330 quibus
605 1251 743 1330 regibus
769 1269 841 1314 cunr
865 1251 1025 1314 nonnulla
1051 1250 1205 1315 conicere
1229 1252 1451 1332 potuerimus,

275 1359 415 1422 aliorum
452 1358 538 1422 nihil
572 1358 639 1422 nisi
674 1358 807 1421 nomina
835 1358 987 1439 novimus
1012 1377 1052 1422 ex
1077 1359 1315 1440 inscriptione,
1352 1377 1451 1436 quam

275 1465 465 1544 hatyschev
501 1465 637 1528 ineunte
673 1465 807 1528 saeculo
841 1464 986 1530 secundo
1019 1465 1142 1530 factam
1174 1485 1247 1530 esse
1280 1463 1451 1548 statuit³).

274 1572 420 1636 Exstant
444 1573 492 1635 ibi
516 1571 579 1635 duo
604 1570 818 1650 PaerisadeS,
843 1561 947 1649 pater
964 1580 999 1636 et
1022 1572 1121 1654 filius,
1146 1591 1286 1652 quornm
1310 1573 1365 1636 hic
1389 1591 1453 1636 rex

276 1686 337 1742 est.
395 1679 505 1744 Mater
539 1678 633 1757 regis
669 1685 722 1741 est
753 1677 969 1760 Camasarye‚
1006 1679 1160 1757 Spartaci
1197 1679 1276 1744 filia.
1323 1679 1453 1755 Eadem

275 1787 390 1864 nupsit
405 1787 538 1866 Argoti,
563 1787 635 1850 sine
660 1785 759 1850 dubio
781 1793 1013 1863 postmortem
1030 1787 1155 1864 prioris
1172 1787 1295 1851 mariti.
1336 1787 1453 1852 Series

276 1895 384 1973 igitur
411 1912 529 1973 rogum
553 1894 824 1971 Bosporanorum
849 1893 955 1958 denuo
982 1893 1064 1958 duos
1088 1894 1290 1960 Paerisades
1318 1895 1454 1972 accepit

275 2000 328 2065 III
352 2007 387 2064 et
410 2000 467 2064 IV.
516 2000 732 2079 Oamasaryes
768 2008 866 2078 pater
889 2000 1071 2078 Spartocus
1105 2020 1182 2065 num
1218 2003 1290 2080 ipse
1319 2019 1453 2080 quoque

251 2125 336 2172 ,rex
360 2106 474 2185 fuerit,
498 2106 690 2186 Latyschev
714 2125 773 2170 sno
799 2107 872 2170 iuro
897 2107 1038 2172 dubitat.
1079 2106 1283 2188 Quamquam
1298 2108 1454 2172 'nominis

279 2231 329 2276 ex.
345 2213 468 2276 indicio
493 2212 641 2276 familiae
665 2214 782 2293 regiae
805 2213 910 2278 fuisse
927 2213 1071 2279 videtur.
1111 2215 1162 2279 Ad
1180 2223 1322 2279 aetatem
1341 2223 1455 2279 autem

277 2321 469 2384 accuratius
510 2319 726 2384 definiendam
762 2321 953 2400 Latyschev
989 2322 1056 2385 alia
1092 2322 1312 2400 inscriptione
1348 2322 1454 2386 Asiae

277 2423 449 2510 minorist)
475 2426 630 2492 dubitans
654 2429 772 2492 utitur.
813 2427 904 2509 Quae
930 2428 1069 2492 donaria
1088 2429 1258 2506 Apollinis
1274 2429 1455 2509 Didymaei

277 2553 473 2598 enumerans
499 2534 721 2614 Camasaryen
752 2553 882 2613 quoque
913 2537 1071 2599 nominat.
1127 2536 1218 2600 Haec
1250 2536 1279 2600 si
1304 2537 1364 2600 illa
1388 2543 1453 2616 cst,

277 2642 364 2708 vixit
388 2649 499 2706 aetate
523 2643 664 2706 Prusiae
688 2642 722 2706 ll
746 2643 927 2722 Bithyniae
950 2643 1044 2721 regis
1068 2641 1285 2726 (180—147).
1331 2643 1453 2721 ltaque

225 2794 226 2798 η
277 2757 374 2827 pater
410 2749 482 2812 eius
507 2749 688 2826 Spartocus
725 2749 899 2827 quominus
936 2767 1008 2814 cunr
1039 2751 1099 2813 illo
1125 2770 1144 2814 a
1168 2751 1322 2814 Leucono
1347 2751 1453 2814 inter·

277 2855 370 2935 lecto?
404 2857 644 2936 coniungatur,
679 2857 836 2933 prohibet
859 2858 1021 2934 temporis
1046 2877 1198 2937 magnum
1224 2858 1451 2924 intervallum.
1556 2891 1557 2926 l

278 2963 384 3029 Unius
415 2971 524 3027 autern
557 2981 603 3026 ex.
621 2963 677 3027 his.
698 2964 836 3041 regibus
860 2964 984 3028 nummi
1008 2965 1102 3028 aurei
1127 2973 1221 3046 sunt,
1257 2966 1313 3043 qui
1337 2983 1453 3044 regern
1556 3043 1557 3046 Ἴ

278 3069 491 3134 Paerisadem
527 3077 562 3134 et
595 3069 709 3148 oppidi
743 3088 862 3134 nomen
894 3073 1023 3132 ΠΑΝΤ
1056 3069 1248 3151 indicant⁵)‚
1297 3071 1452 3136 Ceterum

279 3185 357 3242 sunt
392 3179 448 3256 qui
484 3196 632 3241 nummos
656 3177 850 3242 Paerisadis
886 3179 975 3242 inter
1010 3187 1081 3243 tres
1116 3197 1216 3256 reges
1250 3178 1453 3256 dispertiant

279 3303 383 3363 usque
408 3284 450 3348 ad
473 3284 687 3349 Paerisadem
711 3285 906 3364 ultimumssl.

382 3393 489 3456 Porro
525 3399 577 3456 est
611 3410 761 3456 nummus
795 3411 916 3457 aureus
952 3393 1169 3454 ΒΑΣΙΛΕΩΣ
1189 3394 1313 3454 AKOY
1339 3394 1452 3458 vorbis
1556 3445 1557 3448 ,

280 3501 474 3580 inscriptus,
500 3517 595 3577 quem
620 3519 692 3563 cum
710 3501 902 3580 Lysimachi
926 3501 1110 3564 stateribus
1132 3500 1274 3563 similem
1292 3517 1365 3563 esse
1382 3507 1452 3564 tum

279 3608 352 3672 fere
376 3606 490 3670 eodem
516 3606 656 3670 cudendi
680 3626 772 3670 more
796 3607 1003 3671 emblematis
1028 3608 1200 3686 signisque
1223 3607 1340 3671 iisdem
1358 3625 1453 3684 prae·

390 3801 415 3867 1)
436 3799 527 3852 Zsohr.
546 3797 565 3852 f.
585 3797 765 3852 Numisrnatik
784 3798 824 3851 IV
836 3800 897 3852 231.

387 3889 415 3956 2)
434 3888 452 3942 l.
473 3890 491 3941 l.
511 3889 563 3940 229
574 3904 612 3954 sq.
633 3919 664 3926 -
687 3888 843 3955 Antiquites
870 3888 905 3941 du
925 3888 1060 3958 Bosphoro
1079 3887 1240 3942 Cimmerion
1258 3888 1454 3956 (Stempovshi)

280 3979 309 4032 II
330 3981 378 4033 151
391 3994 429 4044 sq.

387 4069 415 4132 3)
435 4067 495 4120 Lat.
516 4068 558 4120 19.

387 4158 416 4224 4)
434 4156 513 4210 clo
533 4157 562 4210 II
580 4157 658 4212 anot.

391 4249 420 4315 ὁ)
439 4246 552 4312 thbel,
571 4247 604 4299 da
625 4245 710 4298 doctr.
729 4261 828 4298 numm.
848 4245 876 4298 H
896 4247 956 4300 361.
975 4245 1065 4298 Zsehr.
1086 4245 1104 4297 f.
1124 4244 1253 4298 Numism.
1273 4243 1393 4298 1V231.

389 4337 417 4400 6)
437 4335 638 4409 Oreschnikow,
667 4350 716 4394 aur
741 4335 912 4394 Mbnzkundo
940 4334 989 4394 dos
1009 4333 1130 4390 Cimmer.
1159 4334 1302 4408 Bosporus.
1339 4332 1455 4392 Meshan

283 4427 360 4484 1883.
