3156 5080
592 519 633 529 -.
682 485 812 548 19..

113 681 155 748 de
181 681 420 763 SpardocidiS‚
451 681 605 746 barbaris
629 680 847 744 adnumerare
871 679 1022 761 videtur,
1047 698 1120 744 cum
1145 679 1228 743 dicit
1252 676 1292 742 de

110 791 189 856 miti
215 790 415 871 Scytharum
440 789 587 867 ingenio.
634 787 726 870 Quae
752 807 824 852 cum
849 788 898 851 ita
922 788 1001 869 sint,
1025 787 1137 851 malim
1154 787 1291 850 illorum

111 899 277 978 virorum,
303 897 359 976 qui
384 897 528 974 Bospori
552 897 691 976 regibus
714 896 891 960 barbaram
917 896 1081 975 originem
1106 893 1291 975 vindicant,

113 1005 303 1074 sententias
326 1004 439 1085 sequi,
472 1022 666 1082 quamquam
691 1021 821 1082 negare
845 1021 911 1066 non
935 1021 1069 1080 possum
1094 1003 1292 1066 Thracicam

117 1111 392 1191 Spartocidarum
417 1111 582 1190 originem
607 1111 740 1174 minime
758 1128 832 1174 esse
850 1117 986 1174 certam.
1035 1107 1205 1190 Quomodo
1222 1116 1292 1172 tum

115 1219 257 1298 putandi
289 1219 357 1282 sint
389 1218 423 1281 in
455 1218 606 1296 Bosporo
642 1218 783 1296 imperio
819 1217 922 1295 potiti
955 1235 1045 1298 esse,
1087 1217 1210 1280 Perrot
1241 1217 1293 1279 his

114 1327 232 1392 verbis
257 1326 423 1390 illustrat:
451 1325 652 1406 „Spartocos
677 1319 749 1390 doit
772 1326 844 1388 atre
870 1343 914 1388 un
939 1323 1149 1388 condottiere
1166 1324 1293 1405 thrace,

115 1451 181 1512 que
206 1451 259 1496 ses
283 1432 409 1496 talenta
434 1431 474 1496 de
498 1431 648 1513 general,
673 1449 733 1495 son
757 1431 909 1510 prestige
935 1438 969 1496 et
993 1431 1027 1494 la
1051 1429 1218 1494 confiauce
1236 1429 1293 1494 des

115 1549 256 1618 troupes
289 1547 410 1603 auront
439 1538 577 1618 designa
610 1539 690 1602 dans
722 1557 765 1602 uu
796 1545 941 1602 moment
966 1537 1005 1602 de
1030 1538 1135 1619 peril,
1170 1555 1294 1601 comme

118 1648 193 1722 seul
219 1647 356 1724 capable
381 1645 420 1710 de
438 1664 560 1711 sauver
576 1644 705 1710 l’etat“.
753 1645 930 1710 'Phraricis
949 1654 1059 1710 autem
1076 1645 1294 1732 mercenariis

116 1763 238 1834 postea
262 1771 393 1833 quoque
419 1752 568 1818 Graecos
593 1753 672 1818 illos
696 1771 775 1818 usos
792 1771 866 1818 esse
884 1748 1026 1818 constat.
1073 1753 1182 1817 Erant
1207 1753 1294 1816 enim

118 1862 317 1926 commercio
356 1861 497 1924 maxime
533 1879 668 1938 operam
697 1868 859 1930 navanter
893 1860 1035 1924 ditiores
1066 1879 1163 1938 quam
1197 1860 1294 1924 belli·

123 1969 289 2050 cosiores‚
319 1987 414 2048 quam
440 1969 480 2032 ob
505 1986 575 2032 rem
599 1968 881 2032 mercenariorum
903 1967 1029 2038 militia
1054 1985 1185 2045 semper
1208 1960 1295 2044 apud

119 2094 177 2140 eos
210 2075 336 2140 floruit.
384 2075 482 2140 Circa
513 2075 656 2138 medium
681 2082 791 2139 autem
816 2074 985 2138 saeculum
1009 2075 1159 2153 quintum
1183 2093 1239 2138 res
1263 2075 1297 2138 in

115 2184 225 2248 Ponto
267 2181 488 2270 difficillimae
518 2182 676 2247 videntur
706 2181 821 2246 fuisse.
872 2182 941 2246 Nec
973 2201 1039 2246 non
1071 2183 1295 2246 Athenienses

123 2290 240 2354 eodem
286 2297 437 2368 tempore
484 2290 732 2368 expeditionem
775 2290 949 2354 Ponticam
995 2297 1247 2368 temptaverunt
1261 2285 1295 2373 ¹).

123 2397 468 2462 Archeanactidarum
493 2415 608 2462 verum
634 2415 714 2475 opes
738 2403 808 2460 tum
824 2416 890 2460 non
906 2396 1061 2461 floruisse
1084 2396 1296 2462 statuendum

123 2512 194 2586 est,
225 2523 288 2583 quo
319 2503 443 2568 factum
474 2512 526 2568 est
550 2512 588 2569 ut
616 2505 898 2568 mercenariorum
931 2504 1047 2568 ducem
1077 2503 1296 2568 fortissimum

121 2630 235 2676 rerum
269 2612 373 2690 potiri
406 2611 446 2676 ab
479 2612 630 2675 omnibus
662 2611 874 2689 probaretur.
922 2611 1001 2689 Ipsa
1031 2611 1139 2690 igitur
1171 2611 1232 2674 illa
1257 2611 1295 2674 de

118 2720 285 2807 Thracica
316 2719 471 2797 Spartoci
502 2719 634 2798 origine
669 2719 863 2783 coniectura
894 2719 980 2784 nihil
1004 2719 1115 2799 habet,
1141 2736 1200 2782 cur
1224 2736 1296 2782 eam

120 2827 309 2890 reiciamus.
356 2826 527 2906 Regnavit
558 2833 669 2889 autem
694 2825 876 2904 Spartacus
901 2825 1043 2890 Diodori
1067 2826 1296 2903 testimoniol)

118 2925 288 2994 δεκαεπτά
319 2951 441 3014 annos,
478 2931 565 3011 quod
601 2933 666 2996 iam
701 2951 720 2996 a
757 2932 971 3014 Oasaubono‚
1011 2931 1184 2996 Dindorfio
1219 2932 1297 2995 aliis

118 3049 282 3105 mutatum
307 3047 359 3104 est
382 3041 418 3103 in
441 3033 528 3100 ἑπτά
551 3057 591 3103 ex
608 3040 722 3118 priore
739 3040 799 3104 illo
816 3040 903 3120 loco,
928 3041 1061 3104 scilicet
1077 3041 1118 3103 ab
1136 3040 1296 3104 archonte

118 3147 296 3212 Theodoro
321 3143 454 3229 (438l7)
478 3164 583 3224 usquc
607 3145 648 3210 ad
672 3145 860 3224 Apseudem
886 3143 979 3230 (4321
1003 3143 1025 3229 l.

228 3255 387 3333 Sequitur
423 3271 496 3317 eum
532 3252 682 3318 Diodoro
717 3261 806 3318 teste
843 3253 1012 3335 Seleucus
1045 3253 1102 3332 qui
1138 3262 1298 3332 quattuor

117 3379 224 3426 annos
270 3361 429 3439 regnavit
477 3356 592 3442 (lectio
643 3360 807 3442 vulgata).
867 3360 962 3442 Quod
1009 3359 1142 3426 Seleuci
1177 3379 1294 3425 nomeu

116 3465 254 3552 Nicaei)
291 3467 419 3532 iudicat
454 3467 679 3545 corruptelam
716 3486 790 3532 esse
833 3476 867 3533 et
904 3467 1066 3546 Spartaco
1100 3465 1154 3531 illi
1189 3469 1296 3545 primo

122 3575 238 3640 statim
263 3575 467 3640 successisse
484 3574 651 3656 Satyrum,
677 3593 773 3653 quem
790 3574 959 3640 Diodorus
976 3582 1075 3640 vocet
1097 3569 1298 3657 Σπαρτάκου

117 3675 236 3760 ohim).
292 3681 356 3746 Sed
387 3682 454 3746 nisi
484 3681 585 3746 Niese
618 3682 772 3760 pluribus
804 3683 1011 3762 argumentis
1043 3683 1169 3763 utitur,
1200 3701 1297 3760 quam

117 3791 193 3870 hoc,
218 3788 305 3868 quod
330 3789 463 3870 adtulit,
487 3806 543 3852 res
566 3789 675 3853 minus
699 3789 780 3854 mihi
804 3791 968 3867 probatur
991 3790 1132 3854 manime
1158 3807 1228 3853 eam
1254 3790 1295 3852 ob

119 3915 263 3978 causam,
288 3897 367 3975 quia
390 3896 546 3974 ingentes
570 3895 703 3974 quidam
727 3897 856 3961 numeri
881 3914 1040 3960 annorum
1057 3897 1220 3974 regnandi
1238 3915 1293 3960 ex·

122 4005 259 4069 sistunt.
306 4003 442 4068 Etenim
466 4003 680 4081 regnavisset
697 4003 839 4086 Satyrus
864 4022 946 4069 avus
963 4003 1187 4082 quadraginta
1204 4003 1297 4082 quin-

233 4198 259 4263 1)
279 4195 352 4249 Plut.
371 4195 432 4250 Per.
452 4197 495 4248 20.

229 4285 257 4346 2)
277 4285 332 4338 XII
350 4285 386 4336 36
404 4283 438 4337 cf.
457 4283 573 4338 111131.

228 4378 256 4438 3)
276 4373 371 4428 dasch
391 4373 417 4428 d.
436 4372 538 4441 griech.
557 4389 584 4428 u.
604 4373 709 4428 maked.
728 4373 842 4430 Staateu
863 4374 917 4428 seit
938 4373 1013 4432 Alex.
1033 4390 1060 4442 p.
1080 4373 1134 4427 413
1154 4376 1232 4426 Arm.

230 4465 259 4528 4)
277 4462 343 4518 XIV
361 4464 405 4518 93.
