3156 5080
776 406 996 468 ..ssgd

302 599 472 678 proxeniis
496 618 516 662 a
540 597 748 677 Spartocidis
773 599 941 665 institutis
966 600 1029 664 boc
1052 600 1171 664 mirum
1195 599 1360 665 videatur.
1395 598 1469 664 Cum

299 707 388 770 enim
421 707 462 770 ab
490 706 634 770 Jonibus
670 704 741 769 fere
775 724 906 786 semper
938 707 1100 785 proxenia
1129 726 1193 771 nna
1227 725 1298 771 cum
1334 708 1470 772 civitate

288 814 380 881 data
404 815 460 895 sit,
485 815 519 878 in
536 815 688 892 Bosporo
706 815 837 878 nonita
855 821 917 895 est,
943 833 1137 893 quamquam
1149 805 1259 878 ‘Jonas
1276 815 1338 878 illa
1354 814 1471 893 oppida

301 922 519 986 condiderant
552 921 820 1000 incolebantque.
868 921 936 986 Nec
967 922 1073 1001 magis
1105 921 1328 986 Athenienses
1352 923 1469 986 Jonum

301 1047 425 1093 morem
449 1029 675 1107 sequebantur
685 1029 726 1109 ¹),
752 1047 824 1092 cum
849 1045 989 1106 perraro
1014 1029 1172 1106 proxenis
1197 1029 1369 1093 civitatem
1395 1047 1470 1106 quo·

302 1155 365 1216 quo
389 1136 588 1202 tribuerent.
636 1135 754 1202 Utrum
780 1143 890 1200 autem
915 1136 1184 1213 Bosporanorum
1209 1153 1288 1199 usus
1312 1136 1354 1200 ab
1371 1135 1470 1199 Atbe·
1549 1145 1554 1278 1

300 1244 472 1328 niensibus
496 1249 647 1320 sumptus
671 1249 724 1308 est
747 1261 789 1306 an
813 1243 887 1320 ipsa
904 1243 1025 1308 civitas
1043 1241 1193 1306 donanda
1211 1242 1258 1306 ibi
1274 1260 1340 1305 non
1357 1259 1469 1320 regum

300 1350 358 1415 sed
391 1351 597 1430 singularum
633 1349 821 1414 civitatium
857 1347 955 1414 erat?
993 1349 1066 1413 Hoc
1098 1349 1207 1428 magis
1239 1349 1321 1413 mihi
1351 1349 1469 1427 placet.

299 1458 418 1537 Itaque
448 1459 611 1536 probatur
635 1457 808 1534 proneuiis
834 1474 964 1536 qnoque
990 1464 1142 1534 potestas
1165 1474 1282 1533 regum
1307 1456 1469 1536 absolut
1549 1387 1555 1548 ι

300 1566 422 1644 quippe
457 1583 529 1628 cum
560 1565 701 1641 proxeni
732 1571 861 1628 tantum
893 1564 1028 1637 illorum
1060 1564 1244 1628 autoritate
1276 1571 1470 1664 crearentur
1551 1571 1555 1864 ἱ

300 1680 334 1737 et
380 1672 520 1737 civitate
567 1671 775 1751 singulorum
815 1671 1011 1749 oppidorum
1053 1679 1243 1749 contempta
1282 1671 1316 1734 in
1355 1688 1469 1749 regum
1554 1693 1555 1698 ¹

300 1780 450 1844 amicitia
474 1779 737 1858 acquiescerent

405 1887 618 1950 Postremo
609 1904 673 1950 uam
705 1886 810 1950 dicam
843 1886 1002 1950 nonnullo
1028 1885 1067 1949 de
1092 1886 1164 1951 vita
1189 1886 1340 1966 privata,
1367 1741 1555 1964 quoad¹

300 1994 379 2073 quid
409 1994 588 2058 memoriae
621 2001 717 2058 estt
703 1992 874 2058 traditum.
929 1992 992 2090 Sed
1024 2000 1061 2057 ut
1092 1992 1186 2057 tituli
1220 2011 1285 2056 non
1310 1992 1414 2056 aliter
1437 2009 1470 2055 ao

299 2119 409 2165 rerum
446 2102 631 2178 scriptores
667 2099 706 2163 de
743 2118 782 2166 ea
817 2100 889 2164 fere
925 2087 1057 2164 omnino
1093 2100 1213 2181 silent,
1249 2100 1298 2164 ita
1326 2115 1409 2166 vasa
1440 2105 1471 2161 et

297 2209 433 2272 tabulae
457 2209 580 2288 pictae,
605 2224 689 2285 quae
713 2207 799 2272 alias
823 2207 1000 2270 maximum
1024 2207 1140 2271 valent
1163 2206 1205 2270 ad
1221 2206 1314 2270 illam
1332 2223 1469 2286 cognos-

299 2313 445 2395 cendam,
470 2315 505 2377 in
528 2314 679 2391 Bosporo
704 2313 847 2384 minoris
871 2313 1028 2400 momenti
1053 2321 1141 2394 sunt,
1167 2311 1252 2392 quod
1270 2331 1336 2376 non
1353 2330 1469 2392 usque·

298 2439 427 2500 quaque
451 2429 564 2502 notum
589 2428 651 2501 est,
676 2421 771 2486 cuius
795 2421 917 2485 aetatis
942 2421 1102 2499 cuiusque
1128 2420 1271 2500 originis
1296 2421 1375 2485 sint.

297 2636 435 2714 proprio
475 2635 635 2700 nonnuila
671 2652 793 2714 operae
830 2642 883 2699 est
918 2635 1065 2713 pretinm
1101 2633 1245 2714 adferre.
1303 2635 1469 2712 Repertae

298 2743 384 2806 enim
414 2750 491 2806 sunt
522 2743 555 2806 in
578 2721 718 2810 tumulis
742 2741 933 2822 permultis
965 2759 1105 2825 quorum
1128 2742 1252 2815 minor
1260 2759 1340 2819 pars
1363 2741 1468 2806 adbuc

297 2845 456 2951 indagata
481 2857 550 2929 est,
583 2849 666 2916 mult
652 2857 707 2916 tae
740 2849 875 2912 tabulae
900 2831 1032 2929 pictae,
1047 2848 1186 2928 quibus
1210 2866 1341 2926 pugnae
1366 2847 1468 2913 Grae·

298 2975 411 3036 corum
445 2974 516 3019 cum
550 2955 704 3022 barbaris
729 2955 923 3019 commissae
949 2954 1183 3052 depinguntur.
1229 2955 1368 3034 Atqui
1358 2974 1394 3019 rn
1419 2955 1468 3018 his

298 3055 421 3128 Graeci
446 3061 554 3127 induti
579 3070 657 3126 sunt
679 3063 805 3128 tunicis
829 3062 1007 3128 manicatis
1030 3063 1161 3126 braccis
1186 3062 1384 3141 caligisque.
1421 3061 1468 3125 Ea

297 3178 408 3234 autem
431 3171 538 3235 vestis
562 3176 600 3234 ut
623 3168 754 3236 Medica
778 3171 828 3234 ita
844 3169 1030 3235 Sarmatica
1054 3177 1115 3250 est,
1140 3169 1274 3233 minime
1299 3165 1466 3250 Graeca).

296 3276 382 3341 Vide
407 3277 525 3358 igitur,
551 3284 714 3355 quatenus
740 3276 863 3341 Graeci
887 3277 1075 3355 Bosporani
1100 3283 1158 3342 aut
1183 3277 1277 3364 eaelo
1303 3276 1466 3354 asperiori

296 3391 355 3448 aut
392 3384 476 3447 mori
517 3384 737 3448 barbarorum
769 3383 979 3462 prudentiori
1012 3384 1213 3450 vestimenta
1244 3383 1466 3448 accommoda·

295 3491 454 3570 verint).
502 3490 728 3556 Barbarorum
762 3491 842 3555 item
874 3499 926 3556 est
957 3490 1121 3556 cadavere
1151 3489 1344 3569 sepelienda
1373 3507 1465 3554 orna·
1555 3489 1557 3496 “

296 3599 417 3664 mentis
448 3598 561 3662 aureis
586 3598 757 3674 obtegere.
804 3597 973 3676 Imprimis
996 3615 1114 3676 regum
1139 3616 1281 3676 corpora
1304 3599 1465 3678 imagines

296 3724 359 3786 que
396 3691 586 3770 tabularum
623 3704 686 3768 tali
720 3703 924 3768 abundantia
956 3703 1114 3768 decorata
1147 3711 1239 3785 sunt,
1282 3713 1320 3770 ut
1353 3705 1465 3770 Medos

297 3832 354 3878 eos
378 3812 482 3877 fuisse
508 3808 801 3892 existimaverim).
851 3809 914 3891 Qui
938 3829 1009 3874 mos
1033 3818 1184 3889 sumptus
1209 3819 1261 3875 est
1278 3813 1350 3876 sine
1367 3811 1463 3877 dubio
1515 3821 1519 3833 ’

295 3941 315 3985 a
337 3920 467 4002 regulis
492 3920 719 4000 Sarmatarum
751 3918 807 3982 vel
830 3918 1029 3999 Maiarum,
1054 3918 1110 3996 qni
1134 3918 1305 3983 Medorum
1332 3917 1463 3997 cognati

295 4028 432 4092 fuerint.

335 2603 337 2606 ,
405 2531 454 2594 Ac
486 2529 627 2606 primum
661 2526 793 2606 quidem
826 2527 865 2591 de
896 2528 1024 2594 vestitu
1054 2527 1125 2591 illis
1157 2527 1242 2596 locis
1267 2526 1469 2591 Graecorum
1546 2505 1557 3042 Ι

331 4224 333 4230 .
403 4186 429 4246 1)
448 4182 596 4238 Monoeanx
614 4182 632 4236 l.
652 4181 670 4236 l.
692 4183 733 4236 14.
753 4184 833 4249 bssq.
852 4181 914 4236 210.

400 4273 429 4342 2)
448 4271 482 4328 ci.
500 4271 641 4325 Naumaun
660 4271 677 4326 l.
697 4271 714 4326 l.
733 4274 831 4339 boesq.

400 4363 428 4419 3i
447 4362 481 4416 ci.
500 4360 584 4415 Grote
603 4360 620 4415 1.
640 4360 658 4416 l.
677 4361 717 4414 VI
735 4362 796 4416 809.

402 4452 430 4520 1)
450 4452 594 4508 Naumann
612 4450 630 4506 l.
649 4451 667 4506 1.
686 4452 803 4518 olasqq.
