3156 5080
607 479 826 544 ..17-

130 693 196 754 quc
230 683 341 740 autem
373 675 538 740 dialectus
563 683 616 740 est
639 671 736 760 κοινή
757 678 791 741 in
817 676 962 742 Graecia
986 678 1146 742 orientali
1169 678 1306 759 usitata,

131 801 206 847 cum
245 784 340 848 tituli
379 784 483 848 multo
517 784 653 862 plurimi
686 794 805 863 quarto
838 786 973 850 saeculo
1001 804 1067 850 non
1098 786 1306 864 antiquiores

131 892 211 956 sint.
258 892 381 956 Tamen
413 881 568 972 singulae
599 891 725 956 formae
756 893 898 958 Jonicae
930 893 987 958 diu
1016 901 1174 958 tenentur
1204 929 1244 937 -—
1269 901 1307 958 ut

131 1017 264 1077 semper
287 1016 405 1063 nomen
429 1000 523 1063 urbis
542 997 703 1081 Θευδοσίη
720 1035 752 1044 -
779 1002 913 1078 saepius
937 1001 1021 1064 miro
1046 1000 1185 1080 quodam
1210 991 1306 1064 modo

133 1125 205 1170 cum
249 1107 476 1171 communibus
512 1107 547 1170 in
582 1125 647 1170 unc
682 1107 784 1171 titulo
821 1107 955 1172 mixtae.
1014 1108 1160 1172 Doricae
1196 1116 1305 1172 autem

132 1212 261 1278 formae
288 1222 424 1292 praeter
457 1214 590 1278 nomina
621 1215 758 1292 propria
789 1215 945 1279 nonnisi
970 1216 1004 1278 in
1029 1215 1306 1294 inscriptionibus

130 1322 276 1400 poeticis
293 1318 470 1402 exstant1).
517 1322 692 1386 Postremo
716 1323 825 1402 magis
848 1323 1022 1401 magisque
1046 1323 1236 1387 soloecismi
1250 1323 1307 1401 qui

131 1436 296 1494 vocantur
320 1427 529 1510 invadundi,
563 1429 634 1493 sine
660 1428 759 1493 dubio
783 1431 1001 1494 barbarorum
1027 1425 1306 1509 immigrationem

133 1543 328 1616 sequentes,
365 1536 519 1614 quoniam
548 1537 682 1600 nomina
706 1555 836 1615 quoque
861 1537 1006 1601 barbara
1035 1535 1308 1616 frequentissima

133 1644 227 1708 fiunt.
251 1642 342 1708 Idem
353 1644 540 1708 invenimus
551 1643 584 1707 in
596 1644 747 1708 omnibus
760 1644 860 1708 Ponti
870 1644 1145 1722 septentrionalis
1155 1645 1307 1711 coloniis.

241 1751 400 1831 Singulae
419 1751 576 1815 civitates
600 1758 742 1815 nonest
766 1750 911 1833 dubium,
937 1753 1016 1830 quin
1033 1751 1211 1831 aliquando
1229 1770 1307 1816 suos

131 1876 282 1938 quaeque
322 1859 542 1937 magistratus
573 1859 815 1938 imperiumque
851 1859 1039 1923 habuerint.
1106 1858 1170 1923 Sed
1206 1860 1307 1923 rebus

133 1965 278 2044 undique
303 1963 437 2028 infestis
461 1963 502 2028 ad
527 1964 767 2029 consociandus
793 1983 872 2042 opes
896 1965 992 2030 brevi
1018 1973 1307 2030 commoverentur

105 2065 269 2138 'necesse
309 2079 393 2135 erat.
438 2071 584 2135 Primum
616 2072 703 2135 enim
734 2071 886 2149 pericula
921 2091 941 2136 a
974 2073 1127 2136 barbaris
1159 2073 1307 2137 immine

131 2189 200 2245 ant.
263 2179 466 2261 Quamquam
523 2179 608 2242 enim
650 2179 815 2260 Scythae,
864 2180 920 2258 qui
957 2179 1088 2258 quidem
1128 2181 1307 2260 propinqui

132 2295 247 2368 erant,
280 2288 475 2365 plerumque
504 2287 672 2350 amicitias
703 2287 973 2364 Bosporanorum
1004 2285 1172 2363 fovebant,
1196 2295 1308 2352 tamen

130 2387 265 2473 agmina
315 2412 428 2458 eorum
478 2394 691 2472 circumvaga
737 2393 964 2472 indomitaque
1010 2395 1185 2458 occasione
1231 2395 1308 2460 data

129 2521 153 2566 a
176 2501 306 2579 rapinis
337 2519 452 2566 manus
477 2518 608 2578 semper
632 2500 835 2564 abstinuisse
859 2519 925 2563 non
949 2508 1001 2565 est
1026 2501 1221 2566 verisimile.
1268 2502 1307 2566 In

130 2611 215 2673 Asia
238 2627 319 2675 vero
338 2608 534 2687 equitabant
549 2609 584 2671 in
601 2607 752 2671 finitimis
770 2607 943 2672 Sarmatae
960 2607 1162 2690 Maitacquc,
1187 2616 1306 2685 gentes

133 2716 293 2781 efferatae
318 2723 352 2780 et
368 2714 591 2780 latrocinandi
610 2714 834 2795 avidissimae,
860 2733 898 2778 ac
914 2732 1006 2778 marc
1022 2715 1154 2792 piratae
1171 2716 1307 2779 'laurici

134 2831 168 2888 et
199 2823 353 2889 Caucasii
391 2822 631 2886 sollicitabant.
686 2821 814 2886 Deinde
849 2828 887 2885 ut
925 2822 1157 2886 commercium
1191 2823 1307 2900 ampli-

131 2929 301 3012 ficaretur,
314 2930 452 2993 maioris
458 2930 623 2993 intererat
636 2946 677 2992 ex
689 2930 798 2992 animo
809 2927 966 2992 concordi
982 2936 1016 2993 et
1031 2930 1137 2992 amico
1151 2929 1305 3008 agiquam

132 3037 261 3104 invidia
273 3044 387 3101 mutua
407 3037 552 3114 pretium
565 3037 724 3100 mercium
738 3035 894 3100 deminui.
919 3035 1179 3100 Potentissimae
1196 3044 1306 3102 autem

131 3145 292 3210 civitates
317 3151 413 3208 erant
428 3143 698 3224 Panticapaeum,
723 3151 793 3208 tum
810 3141 1000 3208 Theudosia
1025 3150 1059 3207 et
1082 3144 1306 3224 Phanagoria.

130 3251 494 3317 SedTheudcsiasuum
506 3251 737 3315 commercium
747 3251 1307 3331 habebatcumScythisTaurisque

129 3359 294 3441 finitimis
304 3354 632 3440 cumceteraeimagis
641 3357 860 3422 adMaitidcm
870 3359 1008 3437 eiusque
1017 3376 1093 3422 oras
1104 3367 1307 3436 spectarent.

133 3467 217 3533 Ideo
243 3468 305 3532 hae
330 3467 422 3531 circa
443 3467 555 3543 capita
571 3466 641 3547 illa,
665 3466 925 3543 Panticapaeum
943 3472 977 3530 et
992 3465 1248 3549 Phanagoriam,
1273 3485 1309 3531 se

131 3575 382 3654 coniungebant
405 3573 595 3638 Theudosia
619 3573 692 3636 sola
713 3579 917 3637 remanente.
964 3573 1015 3637 De
1039 3572 1172 3652 legibus
1196 3580 1306 3638 autem

130 3682 309 3746 societatis
341 3681 428 3745 nihil
460 3688 575 3745 notum
606 3688 675 3757 est,
710 3679 768 3744 sed
792 3679 875 3744 licet
899 3680 1052 3743 conicere
1078 3689 1178 3757 caput
1201 3679 1307 3745 fuisse

129 3789 394 3867 Panticapaeum
433 3807 471 3852 ac
501 3795 636 3865 gentem
669 3787 716 3851 ibi
750 3805 907 3851 summam
936 3805 1047 3851 rerum
1076 3795 1243 3852 tenentem
1273 3789 1307 3852 in

134 3897 260 3960 ceteris
285 3913 416 3975 quoque
447 3896 644 3960 civitatibus
668 3895 914 3976 praevaluisse,
940 3895 1034 3958 cuius
1059 3895 1192 3972 imperii
1209 3896 1307 3974 Spar-

131 4003 268 4069 tocidae
308 4002 449 4068 heredes
485 4003 690 4068 exstiterint.
745 4004 827 4066 Tum
862 4002 996 4065 minime
1032 4002 1219 4067 verisimile
1256 4011 1308 4068 est

130 4129 247 4174 omnes
285 4111 444 4176 civitates
474 4109 686 4188 Bosporanus
714 4108 832 4173 ioedus
872 4107 955 4172 illud
986 4107 1117 4172 fecisse.
1173 4109 1307 4174 Etenim

131 4216 408 4296 Spartocidarum
433 4223 545 4281 aetate
569 4215 686 4280 foedus
710 4235 775 4280 non
799 4217 868 4280 tale
891 4223 975 4297 erat,
1000 4233 1107 4295 neque
1132 4216 1307 4295 quicquam

128 4323 295 4390 traditum
320 4331 372 4389 est
395 4325 430 4389 vi
454 4331 555 4403 atque
579 4324 681 4388 armis
699 4341 756 4388 eos
772 4323 890 4388 foedus
907 4322 1110 4402 amplificare
1127 4323 1307 4406 studuisse,

243 4483 269 4549 1)
288 4481 321 4537 a.
342 4482 404 4535 nat.
423 4481 453 4535 11
470 4480 552 4536 index
570 4497 596 4549 p.
616 4481 677 4535 aaa.

240 4571 269 4640 a)
290 4571 324 4626 cf.
343 4571 451 4626 coam
469 4570 488 4626 1.
506 4571 524 4625 ι.
