3156 5080
752 481 978 568 500-

283 672 409 735 maiore
433 673 618 736 autoritate
643 670 772 736 fructos
797 691 871 737 esso
895 691 990 736 nemo
1016 681 1069 737 cst
1093 674 1149 751 qui
1167 674 1312 752 ignoret.
1349 674 1459 738 Leuco

283 779 370 844 cuim
394 778 586 842 Paerisadis
611 779 645 843 ΙΙ
681 779 770 843 iilius
807 779 975 857 Apollinis
1011 778 1203 843 sacerdotio
1238 779 1373 845 functus
1399 790 1460 861 est,

284 885 476 962 priusquam
501 903 561 949 rex
586 885 695 950 factus
720 893 782 950 est.
820 888 931 965 Atque
956 883 1091 966 semel¹)
1110 885 1150 949 ad
1167 905 1287 950 aunum
1305 886 1461 952 definien-

284 990 358 1056 dum
384 1000 519 1068 praeter
542 1009 656 1070 regem
681 991 868 1056 sacerdotis
892 1010 1010 1056 nomeu
1035 991 1185 1072 additur,
1217 992 1275 1056 sed
1300 994 1335 1056 in
1358 995 1460 1058 titulo

284 1116 391 1161 sacro.
431 1097 560 1162 Deinde
577 1115 596 1161 a
613 1099 795 1162 Strabone8
805 1111 812 1172 j
831 1099 986 1164 traditur
1008 1099 1173 1176 propheta
1189 1097 1321 1178 quidam
1339 1101 1462 1164 Achai·

285 1223 383 1268 carus
407 1205 560 1268 maximis
585 1206 767 1270 honoribus
792 1206 902 1270 cultus
927 1223 1010 1286 esse,
1037 1225 1108 1269 cum
1131 1207 1190 1269 ille
1207 1206 1461 1272 similitudinem

284 1310 395 1374 adfert
431 1311 642 1392 Amphiarai,
683 1313 825 1392 Orphei,
864 1313 1054 1392 Magorum,
1092 1312 1461 1393 Gymnosophistarum,

285 1419 497 1496 haruspicum
519 1419 713 1498 Tuscorum,
738 1419 956 1497 aliorumque.
980 1454 1005 1462 -·
1033 1419 1191 1483 Manebat
1215 1427 1326 1483 autem
1351 1437 1462 1483 sacer·

285 1524 410 1590 dotium
447 1545 512 1589 non
547 1543 679 1603 semper
714 1527 922 1605 pervitam,
959 1524 1046 1604 quod
1071 1526 1266 1604 saepissime
1291 1527 1325 1590 in
1349 1526 1462 1590 titulis

285 1635 422 1698 verbum
465 1627 680 1715 ἱερησάμενος
724 1638 976 1711 nuncupatum).
1018 1669 1060 1676 —
1100 1633 1283 1698 Praeterea
1322 1651 1463 1696 comme·

286 1739 476 1804 morandum
514 1749 566 1804 est
594 1741 790 1819 Apollinem·
808 1740 988 1805 Paerisade
1012 1741 1028 1806 I
1052 1749 1221 1821 regnante.
1252 1740 1340 1804 ludis
1375 1741 1462 1804 cele-

285 1849 416 1915 bratum
453 1865 526 1912 esse
562 1837 708 1928 videri⁴j
745 1867 783 1911 ac
819 1857 1020 1926 postremum
1052 1850 1116 1912 iam
1142 1849 1203 1912 illa
1226 1855 1338 1912 aetate
1363 1847 1464 1911 initia

284 1971 446 2032 apparere
471 1954 696 2036 sodalitatum,
722 1973 805 2033 quae
830 1963 907 2033 post
930 1963 1105 2034 tantopere
1130 1954 1320 2019 floruerint.
1369 1955 1463 2020 Unus

286 2062 372 2130 enim
398 2070 510 2126 exstat
526 2063 694 2142 titulusi),
720 2063 775 2140 qui
795 2055 814 2125 a
831 2063 996 2130 θιασίταις
1013 2063 1147 2127 ineunte
1165 2063 1299 2126 saeculo
1317 2061 1463 2126 secundo

288 2169 412 2232 Veneri
438 2169 582 2232 Caelesti
621 2159 821 2248 Ἀπατοὸρου
844 2164 1004 2252 μεδεούσῃ
1040 2169 1212 2233 dedicatus
1243 2177 1304 2232 est.
1360 2168 1463 2232 Cuius

288 2273 479 2339 sodalitatis
503 2294 638 2339 munere
674 2277 808 2353 publico
845 2275 998 2354 iungitur
1034 2276 1125 2340 solus
1154 2270 1352 2356 συναγωγάς,
1389 2295 1463 2340 cum

288 2381 561 2458 posteaRomaua
570 2391 681 2447 aetate
691 2383 835 2461 plurima
848 2383 952 2447 fuisse
966 2401 1103 2449 munera
1115 2383 1208 2447 tituli
1223 2383 1462 2447 demonstrent.

326 2505 327 2508 ’
390 2489 459 2553 Iam
490 2489 597 2554 dicam
627 2490 665 2554 de
691 2491 890 2554 commercio
916 2491 1071 2571 Bospori,
1097 2491 1191 2554 cuius
1216 2491 1250 2553 in
1273 2489 1356 2553 flore
1382 2508 1464 2568 opes

286 2597 383 2677 regni
413 2597 544 2674 positae
584 2605 689 2661 eraut.
749 2597 833 2677 Res,
867 2615 951 2675 quae
977 2598 1251 2677 exportabantur,
1276 2597 1464 2674 permultas

288 2703 525 2798 suppeditabat
568 2722 650 2780 ager
690 2705 895 2784 uberrimae,
942 2704 1059 2768 Maitis
1098 2705 1239 2782 piscium
1280 2702 1463 2783 abundatia,

288 2812 447 2889 planities
487 2810 666 2890 Scythicae
715 2812 911 2888 pabulorum
959 2812 1088 2888 plenae.
1151 2812 1189 2875 In
1230 2811 1348 2888 primis
1387 2819 1465 2874 erat

288 2919 504 2999 frumentum,
534 2916 621 2996 quod
652 2937 724 2980 cum
750 2917 914 2981 (iraeciae
939 2926 1008 2982 tum
1033 2918 1174 2981 maxime
1199 2917 1464 2982 Atheniensibus

288 3026 513 3090 necessarium
546 3032 630 3089 erat.
679 3024 812 3089 Sicilia
833 3026 919 3088 enirn
944 3032 979 3089 et
997 3028 1172 3104 Aegyptus
1196 3043 1237 3088 ne
1260 3023 1464 3088 frumentum

289 3133 372 3198 satis
388 3133 526 3196 multum
544 3131 773 3212 adportarent,
791 3133 890 3196 bellis
907 3133 1125 3196 barbarorum
1143 3131 1311 3196 diuturnis
1329 3131 1464 3208 saepius

290 3239 543 3317 impediebatur.
592 3239 759 3320 Quocirca
783 3241 954 3318 Bosporus
984 3247 1061 3303 ante
1091 3255 1204 3302 omnes
1234 3238 1353 3302 idonea
1377 3245 1463 3317 erat,
1555 3263 1556 3320 p

289 3355 469 3424 propterea
498 3347 585 3426 quod
614 3347 726 3410 aditus
755 3347 828 3411 eius
853 3348 886 3410 in
911 3347 1166 3411 Atheniensium
1191 3346 1342 3410 manibus
1366 3352 1465 3410 eraut
1554 3407 1556 3428 ,

290 3453 354 3534 Qui
386 3455 414 3518 si
447 3454 776 3535 intercludebantur,
814 3437 942 3518 'summa
973 3454 1086 3530 iuopia
1118 3472 1156 3516 ac
1192 3452 1296 3516 sames
1320 3453 1463 3520 Athenis
1555 3459 1556 3462 ’

290 3562 516 3641 exoriebatur,
541 3581 615 3625 uam
639 3562 779 3626 multum
804 3563 922 3650 aberat
946 3569 982 3624 ut
1007 3561 1123 3624 Attica
1146 3578 1182 3623 sc
1207 3560 1280 3637 ipsa
1304 3560 1461 3623 nutriret.

293 3706 329 3712 --
356 3670 395 3733 In
419 3668 497 3732 aliis
513 3669 613 3732 rebus
631 3677 728 3733 erant
749 3669 842 3746 ligna
859 3666 1062 3731 aedificando
1080 3675 1169 3747 apta,
1194 3666 1328 3745 tarichi,
1354 3683 1462 3744 cerae,

291 3777 370 3857 mel,
407 3777 550 3856 corici),
590 3785 768 3853 practerea
799 3783 938 3853 propter
968 3783 1079 3839 terras
1112 3775 1272 3838 barbaras
1305 3772 1462 3838 finitimas

292 3919 468 3926 ——-—-——-
480 3919 500 3925 ς

400 4006 427 4067 l)
445 4003 505 4057 Lat.
525 4003 562 4068 ΙΙ,
582 4007 644 4058 308.

397 4095 425 4156 9)
444 4092 509 4146 XVI
527 4109 551 4160 p.
572 4094 633 4148 7611.

398 4169 425 4244 3)
446 4181 556 4250 exempl.
577 4199 599 4236 0.
619 4183 680 4236 Lat.
699 4181 735 4248 Il,
759 4185 797 4246 10,
822 4185 862 4248 15,
881 4183 942 4236 348.

398 4273 425 4335 4)
446 4272 506 4324 tat.
525 4271 561 4339 ΙΙ,
580 4273 634 4326 341)
652 4259 889 4343 (τῖγωνοθετήσας)

399 4361 621 4428 mmmm

397 4451 427 4519 6)
445 4449 563 4516 Schdien
584 4450 776 4505 Demosthenes
795 4450 882 4507 lace.
920 4449 954 4505 01.
974 4448 1066 4517 Polyb.
1085 4447 1125 4502 1v
1143 4447 1179 4503 38
1197 4446 1288 4501 XXXI
1305 4447 1351 4500 24.
