3156 5080
142 698 418 778 Enumerantur,
462 697 717 778 Παντικαπαία,
758 691 1002 778 Παντικαπηὶ).
1071 696 1175 778 Viuo,
1221 715 1318 776 quam

140 803 236 868 varie
271 810 306 867 et
335 803 490 882 oppidum
520 812 554 869 et
585 805 677 870 cives
700 805 862 868 nominati
887 805 965 868 sint.
1013 803 1104 868 Idem
1129 804 1317 869 invenimus

141 909 177 973 in
201 909 280 973 aliis
304 911 449 989 Bospori
473 911 686 992 civitatibus
718 929 780 976 nec
804 910 939 994 dubito2
967 911 1047 989 quin
1070 929 1131 989 per
1155 912 1317 975 barbaros

141 1017 267 1094 ubique
300 1017 373 1080 illic
403 1019 595 1083 habitantes
619 1026 678 1083 aut
701 1025 841 1097 propter
865 1019 938 1096 ipsa
963 1017 1159 1096 oppidorum
1183 1018 1318 1082 nomina

142 1123 295 1204 barbara,
319 1141 385 1187 non
411 1123 552 1206 Graeca,
576 1131 676 1189 tanta
697 1124 925 1202 discrepantia
950 1131 1025 1188 orta
1042 1124 1097 1188 sit.
1145 1125 1319 1189 Describit

143 1230 300 1308 oppidum
332 1230 485 1309 Straboll
517 1232 570 1296 his
600 1233 730 1296 verbis:
767 1225 867 1311 λόφος
897 1225 965 1292 ἐστὶ
989 1224 1099 1314 πάντη
1125 1227 1318 1312 περιοικού-

140 1356 239 1415 μενος
270 1331 306 1397 ἐν
336 1331 441 1421 κύκλῳ
471 1337 609 1399 σταδίων
642 1334 744 1400 εἴκοσι
768 1353 775 1368 ·
802 1331 885 1420 πρὸς
914 1331 955 1399 ἕω
980 1327 1010 1398 δ’
1032 1333 1099 1414 ἔχει
1123 1335 1241 1416 λιμένα
1264 1338 1320 1398 καὶ

140 1437 261 1526 νεώρια
289 1433 365 1506 ὅσον
398 1438 578 1526 τριάκοντα
608 1445 708 1527 νεῶν,
754 1440 822 1522 ἔχει
853 1443 887 1507 δὲ
911 1443 969 1506 καὶ
990 1439 1184 1526 α’κρόπολιν.
1231 1446 1318 1510 Neu-

141 1552 274 1615 mannio
291 1549 442 1635 autorel)
467 1553 726 1630 Panticapaeum
751 1553 851 1617 situm
877 1559 951 1617 crat
973 1553 1008 1616 in
1033 1571 1093 1616 ora
1118 1552 1319 1617 occidentali

140 1659 286 1736 Bospori
311 1658 481 1723 Cimmerii
514 1659 555 1723 ad
581 1660 704 1725 clivum
742 1661 865 1724 montis
895 1659 1112 1724 Mithradatis
1144 1661 1200 1738 qui
1232 1679 1319 1724 nunc

139 1773 292 1831 vocatur.
340 1767 464 1830 Portus
496 1767 569 1830 eius
602 1767 747 1844 optimus
780 1775 832 1831 est
864 1767 900 1830 in
933 1767 1057 1844 angulo
1090 1767 1183 1830 sinus
1216 1767 1319 1845 ampli

141 1873 259 1937 intimo
293 1879 394 1951 atque
424 1892 528 1952 usque
561 1873 601 1938 ad
635 1875 741 1952 ipsam
773 1893 865 1938 oram
895 1875 1090 1939 altissimus.
1138 1875 1318 1952 Acropolis

143 1979 317 2044 aedificata
341 1988 415 2045 erat
439 1981 473 2044 in
499 1982 669 2046 cacumine
693 1982 827 2062 montis
853 1981 940 2060 quod
964 1988 1016 2044 est
1040 1981 1130 2045 inter
1155 1981 1318 2046 orientem

142 2095 176 2151 et
199 2087 451 2152 meridionalem
476 2089 590 2152 solem.
639 2087 703 2153 Sed
729 2088 803 2167 ipsa
828 2107 958 2168 quoque
983 2089 1062 2154 urbs
1086 2089 1214 2153 munita
1233 2097 1317 2153 erat.

139 2195 323 2259 Praeterea
359 2195 501 2260 confinia
535 2197 607 2260 eius
643 2196 734 2262 vallo
764 2197 902 2275 antiqno
928 2197 1109 2261 caementis
1134 2204 1169 2260 ct
1192 2214 1317 2274 aggere

139 2309 313 2366 exstructo
345 2303 584 2385 cingebantur,
617 2303 704 2382 quod
735 2303 812 2368 inde
837 2323 856 2367 a
880 2303 968 2368 freto
992 2304 1187 2382 angulatum
1212 2321 1317 2382 usque

138 2428 181 2487 ap
205 2410 377 2474 Maitidem
401 2411 684 2490 porrigebatur4).
733 2410 828 2492 Quod
854 2431 926 2475 cum
945 2411 1164 2488 Panticapaei
1188 2419 1316 2476 tantum

138 2516 233 2594 agris
250 2517 489 2583 circumdatum
507 2518 563 2599 sit,
585 2537 651 2582 non
668 2525 720 2582 est
737 2517 881 2600 dubium,
899 2519 979 2596 quin
996 2526 1073 2583 ante
1089 2519 1316 2598 Nymphaeum

138 2642 243 2702 prope
268 2625 368 2688 situm
393 2626 580 2690 subiectum
604 2624 646 2706 (o.
664 2644 693 2689 a.
711 2622 790 2708 405)
813 2631 913 2703 atque
931 2626 1063 2689 omnino
1081 2632 1159 2689 ante
1175 2642 1316 2702 regnum

139 2733 369 2810 Bosporanum
411 2732 579 2798 conditum
616 2732 869 2822 exaedificatum
904 2733 960 2797 sit.
1020 2731 1188 2813 Quaenam
1224 2733 1316 2796 intra

140 2857 251 2903 muros
275 2839 401 2904 fuerint
425 2839 587 2922 aedificia,
612 2859 678 2904 non
698 2840 765 2904 nisi
782 2859 823 2904 ex
839 2840 951 2905 titulis
969 2841 1174 2905 christianae
1192 2843 1315 2907 aetatis

139 2947 274 3010 scimus
645 3030 648 3037 Ι
1072 2967 1073 2970 ’

244 3053 295 3118 Ad
326 3054 499 3119 meridiem
523 3073 642 3120 versus
667 3057 774 3134 ipsum
799 3073 929 3134 quoque
954 3054 994 3119 ad
1018 3053 1141 3120 fretum
1160 3055 1315 3134 oppidum

136 3145 366 3240 Nymphaeum
391 3168 465 3226 erat
489 3163 609 3243 situm,
634 3163 840 3227 Naumannio
865 3159 989 3245 teste⁶)
1014 3155 1123 3240 portu
1138 3163 1314 3240 praeclaro

138 3268 325 3346 gaudens„

249 3376 378 3442 Deinde
401 3378 579 3442 nonnullas
605 3377 764 3442 civitates
789 3378 929 3457 exiguas
954 3377 1071 3442 omitto
1097 3414 1137 3422 -
1163 3379 1316 3444 invenias

137 3483 226 3562 apud
250 3485 519 3565 Latyschevium.
567 3485 687 3550 Altera
711 3493 820 3551 autem
847 3487 968 3552 civitas
985 3485 1182 3564 Europaeae
1206 3486 1314 3563 partis

136 3591 248 3656 maior
278 3592 470 3658 Theudosia
502 3600 585 3658 erat.
648 3592 739 3674 Quae
769 3593 904 3657 condita
937 3601 1011 3658 erat
1035 3594 1069 3656 in
1102 3592 1315 3658 meridionali

137 3699 338 3764 Chersonesi
370 3719 429 3764 ora
460 3701 570 3780 iisque
594 3701 696 3783 locis,
722 3702 841 3780 quibus
866 3709 995 3782 montes
1019 3702 1155 3766 Taurici
1188 3701 1314 3767 altissi-

136 3807 183 3869 mi
208 3824 244 3870 se
275 3807 455 3872 demittunt
487 3815 588 3887 atque
612 3809 772 3886 planities
795 3809 1012 3887 paeninsulae
1037 3809 1314 3886 septentrionalis

135 3914 245 3978 Ponto
278 3916 534 3994 appropinquat.
589 3915 681 3998 Quae
713 3934 769 3981 res
802 3915 1086 3994 opportunissima
1115 3923 1189 3980 erat
1220 3917 1314 3981 urbis

136 4039 212 4084 cum
237 4021 372 4103 Scythis
397 4024 606 4105 commercio,
631 4024 832 4102 praesertim
857 4042 929 4088 cum
953 4031 1072 4102 portus
1095 4023 1314 4101 Panticapae-

246 4179 272 4248 1)
292 4179 327 4234 ct'.
348 4179 444 4248 Ukort‚
464 4180 561 4249 Gaogr.
581 4179 606 4234 d.
626 4179 672 4236 Gr.
692 4197 718 4234 u.
737 4179 769 4234 R.
789 4180 907 4236 ΙΠ477.

245 4269 274 4334 2)
293 4269 348 4323 VH
366 4269 427 4324 309.

245 4357 273 4422 3)
291 4357 343 4412 Die
360 4357 495 4412 Hellencn
514 4357 551 4410 im
570 4358 773 4426 Skytheplande
791 4360 845 4414 478
855 4374 912 4437 sqq.

245 4447 275 4516 4)
294 4445 435 4502 heumann
454 4447 471 4502 1.
490 4446 508 4504 l.
527 4447 590 4510 499,

244 4537 273 4608 h)
292 4537 310 4592 l.
329 4536 347 4594 1.
365 4537 465 4614 Πᾶνα.
524 4589 525 4592 ,
