3156 5080
617 393 749 459 ..55
798 428 837 438 -

131 615 252 676 regum
277 613 406 676 nomen,
431 595 480 658 ita
503 593 544 657 ab
562 589 842 657 Aroheanaotidis
865 587 1060 652 archontum
1083 602 1202 650 nomen
1218 584 1314 648 here·

133 706 244 771 ditate
290 707 501 780 aeceperunt.
560 701 747 777 Utrumque
788 715 908 761 nomeu
937 695 1136 759 servabatur
1160 691 1315 757 sollemni

132 813 314 878 titulorum
339 828 415 890 usu,
448 815 486 872 ut
509 814 700 872 nostrorum
724 804 913 884 prinoipum
938 801 1225 866 denominationes
1249 817 1315 863 am·

133 921 264 999 pliores
282 917 403 982 'eadem
427 922 580 981 veterum
604 932 775 978 munerum
800 914 1029 989 honorumque
1054 907 1202 987 vestigia
1225 926 1316 970 mon·

134 1033 261 1092 strant.
287 1024 386 1090 Ceter
403 1022 562 1088 umverbo
580 1015 804 1102 ἄρχωνᾶρχων
820 1019 906 1083 nihil
923 1017 1135 1096 significatur
1153 1015 1193 1079 de
1209 1013 1316 1094 modo,

142 1135 239 1213 iure,
263 1137 433 1210 potestate
457 1129 641 1210 principis,
666 1128 822 1207 qnoniam
847 1126 1032 1205 Dionysius
1056 1131 1219 1205 tyrannus
1245 1123 1317 1200 ipse

143 1257 277 1318 quoqne
301 1237 414 1302 titulis
438 1229 620 1304 transeas
643 1229 749 1318 ἄρχων
760 1233 784 1318 ¹)
802 1241 953 1301 voeatur.
987 1232 1051 1298 Sed
1069 1251 1141 1297 oum
1158 1233 1199 1296 ab
1216 1231 1317 1296 Alex-

141 1346 240 1412 andri
265 1352 377 1410 aetate
400 1343 494 1422 regis
517 1360 637 1406 nomen
662 1342 786 1406 elarius
810 1342 984 1422 magisque
1008 1339 1168 1405 usitatum
1193 1337 1317 1403 factum

142 1461 242 1534 esset,
275 1453 309 1516 in
333 1453 485 1528 Bosporo
512 1467 642 1529 qnoque
667 1457 705 1514 nt
729 1449 812 1513 alibi
836 1449 949 1528 prisea
974 1447 1148 1512 sollemnis
1172 1445 1317 1510 denomi-

142 1562 232 1626 natio
258 1559 397 1636 evauuit
422 1565 523 1648 atque
547 1558 589 1620 ab
614 1557 685 1620 illis
709 1557 954 1634 potentissimis
979 1555 1118 1636 regibus
1141 1571 1260 1618 nomen
1284 1553 1319 1616 in

140 1668 228 1732 alios
263 1667 393 1745 minore
408 1664 584 1756 ‚potentia
615 1663 788 1742 praeditos
819 1665 968 1729 transiit.
1024 1663 1181 1728 Potestas
1212 1663 1320 1743 igitur

141 1773 417 1853 Spartooidarum
458 1791 523 1836 una
567 1771 746 1851 eademque
790 1779 864 1836 erat
899 1779 934 1836 et
969 1771 1003 1834 in
1040 1769 1180 1835 Graecis
1216 1779 1251 1836 et
1286 1771 1320 1834 in

142 1881 307 1946 barbaris.
355 1877 465 1961 Quid?
488 1879 604 1943 Nonne
628 1879 664 1943 hi
688 1885 807 1956 postea
830 1879 1010 1956 praecipue
1033 1896 1173 1956 regnum
1191 1887 1320 1944 susten-

144 1989 273 2068 tabant,
299 2001 372 2051 oum
395 1986 539 2050 maxima
562 2003 641 2064 pars
666 1986 836 2050 exereitus
861 1983 996 2050 essent?
1029 1985 1170 2051 Constat
1194 1987 1256 2058 hoo
1281 1985 1321 2050 de

143 2095 283 2175 Scythis
307 2093 515 2172 Bosporanis
546 2100 581 2158 et
605 2092 717 2158 Sindis
743 2092 948 2158 Graecorum
972 2094 1121 2158 moribus
1145 2094 1243 2161 valde
1268 2113 1321 2159 ao·

143 2201 372 2266 commodatis.
402 2283 404 2288 Ι
431 2200 555 2265 Graeci
597 2209 708 2278 autem
740 2201 815 2279 plus
849 2200 1068 2268 conferebant
1099 2202 1140 2266 ad
1171 2212 1322 2290 sumptus

115 2309 373 2390 dominorum,
409 2327 482 2372 oum
515 2307 639 2372 militia
670 2308 771 2372 liberi
797 2315 924 2390 essent,
956 2309 1013 2372 ubi
1037 2310 1207 2378 volebant.
1253 2310 1323 2376 Neo

143 2424 283 2494 praeter
299 2414 516 2494 Spartooidas
540 2415 599 2478 olii
624 2415 844 2494 magistratus
868 2417 921 2478 sui
945 2416 1030 2479 iuris
1055 2424 1152 2480 erant
1172 2419 1323 2496 exeeptis

143 2522 291 2600 fortasse
334 2521 576 2593 sacerdotibus.
631 2522 735 2586 Pauoi
768 2521 914 2603 quidem,
946 2541 1085 2602 quorum
1117 2525 1242 2588 mentio
1276 2523 1323 2606 fit,

144 2631 415 2703 militaressunt
440 2636 474 2693 et
497 2647 614 2706 regum
638 2627 773 2693 libidini
798 2629 953 2694 subieoti.
1000 2630 1121 2694 Licere
1138 2631 1225 2694 enim
1242 2639 1323 2709 puto

148 2753 191 2802 ex
215 2737 330 2810 verbis
353 2736 517 2801 Isocratis
544 2731 799 2815 ,synopsi-slohun
814 2736 869 2817 τῆς
885 2729 1070 2815 δυνάμεως“
1089 2737 1324 2816 magistratum

96 2918 99 2920 ,
145 2844 330 2920 militarem
362 2860 509 2924 sumere,
541 2842 598 2922 qui
626 2843 740 2906 neseio
772 2862 814 2907 an
845 2843 1035 2908 nominatus
1059 2844 1106 2908 sit
1129 2837 1326 2928 daupelqrqo

146 2949 217 3032 (τῆς
250 2943 443 3028 δυνάμεως).
498 2949 570 3014 Hao
602 2950 636 3014 in
668 2969 717 3014 re,
742 2949 855 3015 differt
872 2969 1019 3031 ,quoque
1051 2950 1324 3036 Spartooidarum

146 3057 325 3136 imperium
348 3075 368 3120 a
391 3056 620 3130 Pisistratidis
645 3057 788 3135 exempli
813 3045 944 3122 eausa.¹
970 3055 1034 3138 Qui
1052 3065 1090 3122 ut
1105 3059 1326 3138 magistratus

92 3151 96 3157 ¹
147 3165 297 3243 legitimi
321 3171 518 3228 crearentur
542 3165 797 3246 permittebant,
823 3151 995 3228 dummodo
1022 3183 1105 3228 unus
1131 3184 1262 3244 semper
1286 3185 1326 3232 ex

148 3275 298 3352 ipsorum
329 3275 431 3350 gente
462 3279 562 3336 esset.
616 3271 687 3350 Ipsi
719 3279 829 3337 autem
858 3272 1061 3337 Pisistratus
1094 3273 1233 3353 eiusque
1264 3273 1326 3338 filii

149 3380 229 3444 aliis
259 3379 378 3456 opibus
406 3379 595 3443 rationibus
626 3380 918 3458 potestatibusque
943 3397 1101 3443 summam
1124 3397 1236 3444 rerum
1261 3381 1327 3444 sibi

129 3485 354 3572 ‚vindicatam
385 3485 587 3559 retinebant.
634 3485 736 3566 Regii
760 3493 870 3551 autem
894 3483 1112 3566 magistratus
1136 3487 1208 3552 sive
1232 3505 1327 3564 prae-

149 3592 234 3658 fecti
281 3593 401 3671 quibus
436 3593 626 3666 nominibus
657 3593 691 3657 in
722 3593 874 3671 Bosporo
919 3594 1031 3672 gavisi
1064 3595 1151 3676 sint,
1186 3601 1328 3660 nonest

150 3707 277 3781 notum,
302 3683 375 3763 oum
399 3700 493 3765 tituli
519 3700 723 3764 christianae
748 3700 876 3764 demum
901 3701 1025 3764 aetatis
1042 3699 1328 3766 denominationes

154 3807 344 3885 eomplures
369 3808 559 3872 exhibeant.
586 3843 626 3851 —
652 3807 770 3886 Itaque
794 3808 830 3872 in
853 3809 1005 3886 Bosporo
1030 3807 1072 3872 ad
1095 3827 1200 3872 annos
1216 3827 1328 3872 nume-

151 3913 276 3997 randos
299 3931 399 3992 reges
424 3915 490 3978 soli
513 3915 584 3992 apti
602 3922 699 3979 erant
721 3933 829 3994 neque
854 3915 1041 3982 invenimus
1058 3916 1093 3979 in
1109 3916 1221 3980 titulis
1242 3916 1329 3980 alios

153 4039 335 4100 eponymos
364 4022 431 4085 nisi
462 4023 565 4086 semel
594 4021 802 4086 sacerdotem
832 4023 966 4088 saeculo
990 4019 1143 4104 tortior).
1168 4057 1211 4066 -
1234 4022 1328 4086 Adde

153 4129 190 4192 in
220 4128 372 4207 Bosporo
412 4136 556 4194 aetatem
588 4147 720 4208 semper
750 4129 935 4210 signifioari
968 4130 1062 4209 regis
1092 4130 1224 4194 nomine
1256 4129 1329 4194 sine

268 4283 295 4350 1)
313 4284 422 4353 synago
441 4288 503 4352 sep
523 4288 603 4353 rans
615 4287 677 4352 aaa
690 4285 723 4340 of.
737 4286 803 4343 Hor.
817 4285 873 4340 [se
887 4285 1071 4353 (Pisistratus)
1087 4273 1156 4360 ἦρχε
1169 4273 1328 4358 Ἀθηναίων.

262 4374 291 4438 a)
310 4374 371 4428 usn
393 4376 454 4430 sos.
