3156 5080
607 493 826 553 ,51-

115 693 195 749 sunt
232 685 415 763 originis“.
463 684 592 749 Deinde
617 685 718 749 (leros
754 685 855 750 titulo
893 690 933 749 13
966 678 1177 765 θεσμοφόρος
1200 684 1303 748 nomi·

114 800 220 856 natur
253 811 295 856 ao
326 791 468 856 feminae
493 791 678 871 funguntur
702 792 775 856 eius
800 791 989 856 sacerdotio
1002 789 1035 874 ¹).
1083 793 1164 856 Tum
1190 799 1303 855 statua

114 899 281 963 mutilata
312 907 448 978 reperta
477 906 529 963 est
552 899 673 963 Matris
696 899 901 979 Phrygiae2)
926 907 1027 978 atque
1052 898 1166 964 eadem
1190 898 1302 962 titulis

115 1001 172 1085 (16
200 1001 254 1088 et)
297 1011 334 1070 17
373 1007 561 1071 invocatur.
587 1041 627 1050 -
652 1006 698 1071 Ut
733 1013 844 1070 autem
876 1006 1078 1070 Cherronesi
1115 1013 1149 1070 et
1173 1005 1303 1086 Olbiae,

114 1111 167 1176 ita
193 1113 230 1175 in
257 1113 413 1191 Bosporo
437 1112 535 1178 valde
561 1112 735 1192 colebatur
752 1113 927 1194 Hercules,
952 1113 1074 1191 quippe
1098 1113 1155 1192 qui
1180 1111 1303 1176 sabulis

115 1218 155 1282 de
194 1221 393 1298 originibus
429 1220 563 1284 illarum
598 1221 769 1284 nationum
793 1219 882 1284 fictis
917 1227 1119 1284 memoretur
1143 1238 1208 1283 una
1232 1208 1304 1284 cum

115 1324 178 1390 doa
203 1327 409 1406 Apatur03).
457 1326 508 1391 Ad
540 1345 645 1405 quem*
668 1328 840 1405 pertinent
868 1327 963 1391 tituli
988 1332 1047 1408 24,
1073 1332 1114 1390 35
1139 1327 1214 1390 etl
1239 1331 1302 1390 245

114 1433 207 1506 (vide
233 1435 360 1514 notas).
388 1471 426 1476 —
446 1434 562 1499 Semel
579 1435 757 1500 invocatur
774 1435 901 1499 Hecate
917 1428 1075 1517 Σπάρτης
1097 1427 1302 1516 podendum),

115 1559 201 1619 quae
241 1561 263 1605 a
300 1542 525 1622 Latyschevio
563 1560 634 1606 cum
673 1541 782 1606 Diana
817 1542 1043 1620 coniungitur.
1102 1542 1302 1606 Persuasum

113 1649 198 1712 mihi
238 1649 348 1712 habeo
384 1650 425 1712 ab
461 1649 594 1726 hospite
630 1648 893 1716 Lacedaemonio
923 1649 1016 1713 illam
1040 1649 1186 1714 tabulam
1212 1647 1302 1712 dedi-

115 1763 229 1820 catam
248 1775 335 1837 esso,
353 1755 440 1834 quod
458 1757 694 1833 comprobatur
709 1757 898 1820 nominibus
912 1750 1086 1824 Βάθυλλος
1100 1758 1246 1836 Δέρκιος,
1262 1792 1300 1798 -

114 1863 267 1927 Miratus
292 1864 338 1942 sit
363 1864 527 1942 quispiam
554 1864 700 1928 Achillis
725 1864 870 1948 cultum,
905 1865 961 1942 qui
987 1865 1021 1927 in
1046 1883 1105 1926 ora
1129 1863 1237 1941 magis
1262 1862 1303 1927 ad

116 1970 333 2034 occidentum
367 1988 487 2036 vorsus
519 1971 586 2036 sita
610 1970 902 2049 frequentissimus
926 1970 1045 2051 fuerit,
1077 1971 1112 2034 in
1136 1971 1302 2049 Bospora-

116 2095 241 2142 norum
279 2096 341 2142 usu
376 2097 441 2142 non
475 2076 590 2142 fuisse.
639 2077 702 2142 Sed
729 2077 926 2142 coniunctus
950 2078 1009 2142 ille
1035 2085 1109 2142 erat
1133 2079 1302 2142 artissime

117 2202 193 2248 cum
219 2186 333 2249 Leuce
370 2186 498 2267 insula,
536 2204 619 2264 quae
656 2185 791 2250 maximi
816 2185 1057 2254 aestimabatur
1081 2187 1122 2250 ab
1147 2186 1208 2265 iia,
1244 2185 1301 2264 qui

117 2290 256 2356 Olbiam
294 2311 335 2356 ox
358 2294 511 2371 Bosporo
536 2293 699 2357 Thracico
735 2294 949 2371 navigabant.
997 2292 1090 2359 Unde
1122 2294 1236 2356 nescio
1261 2312 1303 2356 an

117 2405 279 2464 statuere
302 2399 416 2481 liceat,
441 2401 514 2465 vias
538 2401 671 2465 navium
696 2401 966 2478 Bosporanorum
991 2419 1081 2465 oram
1106 2401 1302 2464 Thracicum

118 2505 284 2586 illamque
307 2499 449 2572 insulam
473 2527 539 2570 non
563 2508 732 2600 tetigisse,
814 2508 966 2584 Denique
991 2508 1108 2584 paucis
1132 2507 1302 2585 attingere

117 2613 206 2678 libet
231 2615 367 2678 titulum
393 2615 497 2696 illum,
523 2633 618 2694 quem
637 2615 839 2694 Comosarye
856 2612 1050 2678 Paerisadis
1070 2607 1303 2694 11ο1ἰσχυρῶι

117 2723 221 2782 Saudo
256 2724 413 2803 Σανέργει
449 2721 503 2783 καὶ
539 2713 686 2801 horaeon
722 2721 935 2801 dedicavit-l).
994 2721 1044 2785 De
1081 2722 1200 2799 quibus
1230 2720 1301 2785 deis

118 2829 263 2894 multum
289 2830 353 2892 iam
378 2831 550 2909 litigatum
575 2838 636 2894 est.
684 2829 821 2910 Confer,
853 2847 937 2908 quae
961 2829 1140 2893 attulerint
1164 2829 1301 2892 Boeckh

120 2934 273 3000 OIGII
290 2940 391 3014 2119,
430 2936 673 3016 Dittenberger
698 2936 780 3016 Syll.
801 2940 880 3017 104,
918 2936 1119 3016 Latyschev.
1177 2935 1300 2998 Rachl-

119 3041 325 3114 Roouecceo
349 3042 523 3107 emendare
548 3044 603 3108 vel
623 3044 738 3123 legere
755 3044 891 3109 volebat
907 3040 1055 3124 ἑκαέργει
1071 3040 1126 3104 tot
1142 3029 1315 3123 occeptat,

120 3148 162 3212 ad
201 3150 390 3228 Apollinem
426 3159 461 3215 et
495 3151 636 3215 Dianam
672 3152 874 3232 respiciens,
910 3151 997 3229 quod
1032 3151 1152 3214 merito
1189 3168 1301 3214 omnes

122 3255 407 3335 improbaverunt.
455 3258 557 3322 Nemo
582 3277 668 3322 nunc
693 3267 761 3340 est,
792 3259 849 3337 qui
874 3258 1021 3338 dubitet,
1055 3259 1135 3336 quin
1160 3267 1300 3336 uterque

123 3361 206 3429 deus
242 3365 288 3429 sit
322 3365 496 3429 barbarus
522 3401 562 3408 —
588 3366 726 3447 Restat,
763 3373 801 3431 ut
843 3385 992 3431 nummos
1033 3365 1199 3446 adferam,
1243 3368 1300 3445 qui
1374 3354 1376 3358 ’

121 3471 236 3555 Panis,
249 3472 428 3554 Apollinis
441 3455 670 3552 Bacchi—qui
684 3475 784 3540 etiam
798 3475 937 3541 invasis
953 3474 1164 3553 frequentior
1180 3473 1300 3558 est⁷)-

122 3578 297 3661 Herculis,
332 3579 520 3662 Minervae,
555 3581 698 3662 Dianae,
733 3582 896 3663 Neptuni,
926 3583 1069 3646 Veneris
1093 3582 1218 3660 figuras
1243 3586 1297 3645 ex-

123 3685 272 3751 hibeant.
309 3722 353 3732 -
388 3688 588 3753 Sacerdotes
624 3688 760 3753 deorum
795 3689 957 3753 maiorum
994 3691 1095 3755 etiam
1129 3691 1163 3754 in
1193 3707 1298 3767 regno

233 3844 259 3911 l)
279 3843 340 3898 Lat.
360 3843 396 3909 11,
410 3846 453 3898 20.

230 3934 259 4000 2)
278 3933 421 3988 Noumaun
439 3935 492 3988 486
503 3950 560 4001 sqq.

123 4107 161 4164 lb
230 4024 257 4089 3)
276 4022 364 4078 Strab.
383 4023 431 4089 XI,
450 4024 511 4078 495.
537 4023 629 4078 condor
646 4024 778 4080 Herodoti
804 4025 836 4080 de
861 4026 1020 4094 Scytharum
1039 4025 1144 4095 origine
1163 4027 1301 4094 opiniones

136 4111 142 4161 i
165 4151 171 4165 .
190 4110 236 4166 IV.

230 4203 259 4264 4)
281 4201 340 4254 bat.
359 4201 396 4268 II,
416 4202 451 4254 23
470 4218 492 4255 c.
511 4206 569 4256 not.

231 4293 260 4349 ὅ)
279 4290 340 4344 Lat.
353 4291 390 4358 Il,
410 4293 472 4345 346.

230 4381 258 4442 6)
280 4379 434 4446 untiquites
453 4380 489 4433 du
507 4380 644 4449 Bosphoro
663 4381 822 4436 Cimmerion
840 4397 866 4450 p.
886 4385 919 4436 37
930 4398 987 4450 sqq.

231 4469 259 4532 7)
279 4469 435 4536 Antiquites
454 4470 490 4524 du
509 4471 645 4540 Bosphoro
664 4470 824 4528 Cimmerion
843 4472 961 4539 (kaisorl.
981 4473 1079 4542 dung.)
1098 4474 1127 4528 ΙΙ
1146 4490 1171 4542 p.
1191 4475 1235 4529 60.
