3156 5080
753 463 971 524 „43„.

379 654 524 720 Maxime
557 653 596 719 de
628 655 829 734 magistratu
852 656 961 736 regni,
987 654 1026 719 de
1051 673 1168 734 regum
1192 662 1378 735 potestate,
1412 651 1456 718 de
1493 725 1497 731 ,

279 761 569 827 administratione
593 780 649 826 res
673 763 707 826 iu
731 761 831 826 dubio
849 769 936 826 sunt.
984 763 1068 827 Sunt
1084 763 1181 843 enim,
1207 763 1264 840 qui
1280 762 1456 840 principes

277 877 494 949 tyrannorum
535 869 642 934 instar
677 867 781 933 fuisse
817 869 1087 934 existimaverint
1099 866 1139 950 ¹),
1186 869 1246 933 alii
1286 876 1379 933 certe
1418 869 1458 932 in

278 975 419 1040 Graecis
463 975 659 1040 civitatibus
696 976 875 1040 archontes
906 993 964 1040 eos
995 974 1100 1040 luisse
1131 973 1308 1058 eiusmodi,
1344 983 1381 1038 ut
1416 975 1456 1038 in

278 1082 412 1162 Attica,
444 1090 580 1160 praeter
611 1099 694 1160 quos
719 1082 892 1146 contiones
923 1081 1116 1162 legitimae,
1148 1082 1367 1160 magistratus
1401 1082 1459 1144 sui

280 1189 365 1253 iuris
389 1184 627 1271 exstiterint2).

384 1295 428 1359 Hi
452 1303 650 1375 argumento
676 1303 816 1364 utuntur
839 1296 980 1359 maxime
1004 1295 1158 1359 sollemni
1175 1293 1459 1374 denominatione,
1570 1317 1572 1320 ·

282 1420 379 1480 quam
415 1401 509 1468 tituli
542 1401 711 1466 exhibent.
764 1401 966 1466 Rectissime
1001 1402 1174 1482 viderunt,
1211 1400 1292 1465 duas
1324 1407 1460 1464 aetates

282 1508 447 1586 distingui
471 1526 581 1589 posse,
606 1526 690 1587 quae
715 1508 953 1601 disiunguntur
965 1527 1049 1573 anno
1064 1509 1202 1572 circiter
1217 1507 1459 1573 trecentesimo

281 1637 310 1682 a.
336 1616 412 1681 Chr.
436 1635 467 1680 n.
521 1618 609 1681 Ante
640 1617 704 1681 hoc
734 1625 865 1694 tempus
895 1635 1027 1696 semper
1050 1624 1177 1681 exstat:
1211 1609 1368 1697 ἄρχοντος
1397 1614 1461 1675 τοῦ

280 1722 383 1792 δεῖνος
407 1717 583 1806 Βοσπόρου
612 1721 667 1784 καὶ
693 1721 884 1805 Θεοδοσίης,
908 1717 1134 1804 βασιλεύοντος
1157 1722 1280 1786 §audebo
1311 1729 1459 1800 atquae

284 1839 479 1910 sequuntur.
526 1832 649 1896 Postea
682 1831 775 1908 regis
799 1849 917 1896 nomen
941 1832 1159 1910 praevalebat
1182 1830 1281 1908 idque
1306 1830 1340 1893 in
1365 1836 1459 1913 utra-

285 1957 349 2017 que
380 1938 479 2018 rcgni
510 1946 616 2016 parte.
664 1939 803 2003 Boackh
834 1939 941 2018 igitur
965 1939 1087 2003 statuit
1111 1935 1326 2016 Spartacidas
1350 1935 1459 1999 fuisse

281 2046 460 2110 archontes
483 2046 543 2106 τοῦ
566 2046 680 2106 κοινοῦ
703 2046 762 2116 τοῦ
784 2040 969 2127 Βοσπόρου,
993 2053 1130 2124 praeter
1154 2062 1236 2122 quos
1260 2044 1295 2107 in
1311 2042 1459 2120 singulis

281 2170 411 2230 quoque
444 2153 641 2217 civitatibus
672 2153 850 2216 archontes
881 2152 985 2217 fuisse
1017 2171 1083 2216 non
1118 2159 1208 2216 esset
1237 2149 1457 2215 infitiandum.

283 2259 451 2324 Probatur
483 2259 516 2322 id
549 2258 681 2337 quidem
713 2277 773 2323 usu
808 2259 1027 2340 Boeotorum,
1059 2259 1116 2323 ubi
1147 2265 1283 2337 practer
1315 2251 1458 2338 ἄρχοντα
1568 2305 1572 2326 ,

287 2365 439 2429 Βοιωτῶν
474 2366 529 2431 vel
562 2363 753 2448 Bococoisi)
786 2367 964 2432 archontes
998 2384 1128 2445 quoquc
1161 2365 1417 2442 municipiorum
1427 2361 1458 2444 ⁴)

286 2480 429 2538 exstant.
476 2473 590 2552 Neque
615 2473 715 2538 aliter
740 2474 774 2537 iu
798 2492 837 2538 ca
861 2474 1043 2555 pentapoli,
1069 2474 1164 2537 cuius
1189 2479 1289 2549 caput
1310 2469 1458 2535 Odessus
1571 2521 1572 2530 τ

285 2587 348 2661 est,
372 2579 493 2646 titulus
518 2588 584 2646 est:
619 2575 761 2662 ἄρξαντα
789 2580 844 2664 τῆς
868 2574 993 2650 πόλεως
1016 2579 1073 2642 καὶ
1096 2573 1241 2661 ἄρξαντα
1264 2579 1323 2640 τοῦ
1346 2575 1461 2637 κοτοοῆ

282 2686 338 2769 τῆς
377 2681 658 2770 πεοταπόλεωςῡ).
721 2687 784 2753 Sed
832 2689 984 2767 singulos
1023 2689 1202 2752 archontes
1241 2687 1275 2750 in
1314 2684 1458 2763 singulis

287 2795 432 2873 Bospori
474 2795 670 2860 civitatibus
702 2794 807 2859 fuisse
842 2814 907 2858 non
937 2795 1004 2859 nisi
1035 2814 1099 2859 uno
1123 2795 1224 2859 titulo
1250 2791 1460 2871 comprobari

287 2901 423 2968 videtur
447 2908 534 2965 teste
559 2901 751 2982 Bocckhio,
783 2901 839 2979 qui
865 2917 1060 2982 eponymum
1085 2899 1247 2980 quendam
1271 2907 1457 2964 monstrare

289 3008 489 3087 videaturil.
537 3007 640 3089 Quem
665 3009 814 3086 spurium
839 3026 912 3072 esse
936 3008 1074 3072 Bocckh
1098 3009 1170 3086 ipsc
1194 3007 1291 3074 vidit.

396 3115 459 3180 Bst
475 3133 556 3179 ansa
572 3117 750 3194 amphorae
766 3116 999 3195 Phanagoriae
1014 3123 1161 3194 reperta.
1196 3115 1279 3180 Post
1294 3113 1458 3179 Bocckhii

285 3231 396 3288 autem
430 3230 575 3288 aetatem
608 3223 793 3301 permultae
819 3224 852 3287 in
876 3224 1027 3301 Bosporo
1058 3223 1215 3288 inventae
1250 3229 1344 3302 snut,
1376 3237 1457 3299 quae
1570 3275 1572 3286 .

288 3331 483 3409 saepissime
505 3349 701 3410 eponymum
725 3329 886 3408 quandam
910 3337 1099 3396 monstrant
1122 3331 1225 3396 verbo
1250 3324 1310 3390 ἐπί
1332 3347 1360 3393 ο.
1385 3346 1456 3408 gen.

289 3446 348 3504 aut
382 3439 454 3503 solo
485 3438 661 3519 genetivo,
699 3439 832 3516 saepius
866 3438 966 3502 etiam
998 3437 1111 3502 addito
1140 3438 1243 3502 verbo
1273 3425 1456 3512 ἀστυνόμον

289 3555 348 3612 aut
370 3539 676 3627 α’στυνομοῦντοςῑ).
723 3544 812 3627 Quas
837 3563 934 3609 ansas
951 3546 1083 3610 Becker
1107 3552 1203 3624 putat
1227 3544 1457 3622 amphorarum

285 3654 390 3719 fuisse
425 3652 559 3718 aliunde
593 3654 628 3717 in
659 3654 844 3732 Bosporum
876 3653 1132 3733 translatarum,
1172 3652 1314 3716 maxime
1350 3650 1456 3731 Olbia,

346 3763 420 3770 Δ....--
425 3762 497 3768 --

394 3812 419 3878 l)
439 3811 523 3864 Grote
543 3810 560 3864 l.
578 3810 597 3864 l.
616 3810 656 3864 VI
675 3811 727 3866 802
739 3825 795 3876 sqq.

393 3901 421 3968 2)
440 3899 563 3967 Bocckb,
582 3899 736 3967 Latyschev
755 3899 773 3953 1.
792 3898 819 3972 l,
838 3897 962 3952 similiter
980 3897 1069 3963 Nieso,
1089 3897 1183 3951 Gesch.
1203 3895 1228 3950 d.
1248 3911 1290 3964 gr„
1309 3912 1334 3948 u.
1355 3895 1458 3950 makod.

286 3993 409 4046 Staaten.

392 4081 420 4145 3)
439 4080 514 4135 ctu
535 4080 549 4133 Ι
569 4081 646 4134 utto.
667 4079 745 4134 ttae.

393 4174 422 4234 4)
442 4170 459 4224 l.
479 4169 496 4224 l.
519 4169 596 4224 1565.
616 4170 695 4224 1573.
717 4169 794 4223 1575.

394 4261 422 4330 b)
441 4258 520 4313 OIG
539 4258 689 4314 1120560.

395 4351 423 4415 6)
443 4347 522 4403 clo
541 4348 658 4402 112121
678 4362 702 4402 v.
722 4361 813 4414 supra.

394 4440 421 4508 7)
440 4437 474 4494 ci.
492 4438 523 4492 P.
542 4437 646 4494 Becker
664 4435 692 4492 iu
710 4435 773 4492 Jhb.
791 4435 811 4492 f.
831 4435 901 4491 Phil
920 4433 1011 4506 suppl.
1030 4433 1079 4492 IV.
1098 4433 1131 4489 V.
1150 4433 1185 4494 X.
