3156 5080
757 474 975 534 „44-

282 672 401 742 petunt
425 684 444 728 a
467 664 672 730 Mithradate
695 665 796 730 Ponti
828 681 920 744 rege.
968 663 1033 746 Qui
1064 682 1102 728 ra
1134 665 1280 730 libenter
1310 663 1352 728 ad
1377 681 1454 742 opes

282 790 359 835 snas
383 772 552 849 augendas
577 773 745 850 capessite
760 772 985 848 Diophantum
1012 771 1127 836 ducem
1151 790 1242 836 mare
1263 770 1453 849 transgredi

282 879 398 958 iussit,
435 880 492 957 qui
515 879 638 943 Palaco
667 879 793 957 victo¹)
829 879 958 942 Tauros
982 877 1141 943 finitimos
1165 877 1344 962 subegitr).
1393 877 1453 970 Sed

282 993 450 1066 sumptus,
483 1003 565 1064 quos
597 985 742 1065 Scythae
776 985 816 1048 ad
841 985 904 1049 hoc
928 985 1052 1049 bellum
1076 970 1243 1067 fecerant,
1269 985 1455 1064 Bosporani

283 1091 416 1156 solvere
450 1093 656 1171 cogebantur
688 1092 828 1156 tributis
858 1109 1060 1171 magnopere
1085 1093 1203 1158 auctis.
1251 1092 1365 1170 Neque
1391 1093 1453 1155 iam

283 1197 429 1276 pendere
463 1200 664 1278 poterantry.
713 1197 816 1279 Quam
850 1198 891 1262 ob
922 1215 991 1262 rem
1016 1198 1216 1262 Paerisades
1239 1217 1299 1262 rex
1323 1199 1454 1276 legatos
1570 1245 1571 1252 κ

283 1304 324 1368 ad
348 1305 573 1383 Diophantum
597 1306 761 1370 victorem
785 1305 896 1384 misit,
930 1305 987 1382 qui
1012 1305 1172 1369 auxilium
1197 1313 1353 1383 peterent
1376 1323 1456 1368 nun·

283 1413 475 1490 tiarentquo
499 1429 535 1476 se
560 1413 667 1490 ipsum
683 1409 882 1476 Mithradati
905 1429 1045 1489 regnum
1068 1411 1296 1494 concedere⁴).
1337 1403 1457 1477 Statim

283 1519 495 1602 Diophantus
527 1537 565 1582 ao
597 1517 769 1596 profectus
793 1525 862 1599 est,
894 1517 1009 1582 ustos
1035 1519 1290 1598 componeretD.
1339 1518 1458 1600 Quam·

284 1643 381 1705 quam
398 1625 596 1690 Paerisades
612 1627 706 1705 regis
722 1644 840 1690 nomen
857 1627 1036 1707 retinebat,
1060 1626 1324 1705 quandoquidem
1342 1634 1460 1704 postea
1570 1631 1571 1710 3

284 1735 384 1799 etiam
417 1751 477 1797 rex
510 1733 709 1812 appellatur.
757 1734 823 1797 Pro
849 1733 983 1813 Scythis
1017 1735 1082 1798 iam
1107 1733 1305 1798 Mithradati
1329 1735 1461 1797 tributa
1570 1739 1571 1816 j

285 1853 359 1905 eum
383 1841 526 1906 solvisse
550 1841 736 1906 verisimile
761 1847 822 1904 est.
871 1839 942 1921 Quo
967 1839 1056 1905 facto
1082 1841 1292 1919 Diophantus
1317 1840 1461 1905 Cherro-

284 1967 365 2012 naso
399 1947 615 2025 proficiscens
649 1967 797 2026 campum
832 1947 1024 2028 Scythicum
1060 1949 1185 2014 invasit
1218 1949 1463 2026 maximamque
1569 1953 1571 1962 ⁴

284 2063 414 2134 partem
448 2056 594 2132 pacavit.
653 2055 716 2119 Sed
757 2074 829 2118 cum
865 2055 1075 2132 Diophantus
1112 2056 1266 2133 Sinopem
1301 2073 1464 2120 reversus
1570 2097 1571 2146 y

285 2169 385 2242 esset,
411 2161 557 2240 Scythae
582 2161 689 2224 denuo
714 2151 967 2226 rebellaverunt
991 2181 1063 2226 cum
1085 2163 1292 2226 Rhoxolanis
1320 2180 1464 2240 -quos
1569 2167 1571 2224 t

284 2269 406 2334 titulus
429 2260 655 2341 Ῥευξιναλούς
689 2277 788 2334 vocat
899 2269 1035 2333 foedere
1064 2268 1167 2350 iotoss)
1193 2278 1293 2348 atque
1319 2269 1464 2365 Cherro-

285 2393 401 2438 nasum
424 2376 579 2454 aggressi
596 2384 682 2440 sunt.
724 2376 844 2441 Statim
860 2376 1083 2441 Mithradates
1100 2377 1326 2454 Diophantum
1342 2394 1464 2440 rursus

286 2482 394 2563 misit,
419 2482 476 2560 qui
500 2483 608 2546 hieme
633 2491 668 2547 et
691 2500 771 2549 vere
797 2484 889 2564 (anni
915 2479 1035 2560 llhill
1061 2502 1092 2548 v.
1117 2483 1154 2563 i.)
1178 2483 1321 2563 Scythas
1345 2483 1464 2547 Palaci

286 2590 384 2668 plane
410 2588 536 2654 devicit
559 2608 579 2653 a
603 2589 766 2654 Sarmatis
787 2589 915 2654 frustra
931 2590 1064 2654 adiutos
1081 2609 1120 2654 ac
1136 2598 1206 2655 tum
1224 2591 1257 2653 in
1274 2591 1464 2666 Bosporum

286 2697 439 2776 transiit,
476 2703 513 2761 ut
548 2696 713 2762 mandatis
749 2698 813 2761 iam
850 2717 869 2761 a
903 2697 1108 2762 Mithradate
1143 2697 1292 2775 acceptis
1321 2715 1463 2774 regnum
1569 2745 1571 2752 a

286 2803 483 2870 tradendum
516 2811 660 2868 curaret.
716 2804 778 2869 Sed
813 2805 956 2868 omnium
981 2805 1178 2884 Scytharum
1211 2803 1405 2868 turbatione
1435 2803 1464 2866 ii

288 2927 436 2991 quoque,
469 2911 525 2988 qui
549 2911 754 2988 Bosporanis
785 2912 965 2992 parebant,
999 2911 1290 2976 vehementissime
1322 2928 1464 2974 commo-

287 3019 453 3084 vebantur
487 3035 595 3096 neque
620 3025 671 3082 est
703 3017 854 3099 dubium,
880 3018 960 3096 quin
984 3018 1168 3096 Diophanti
1192 3025 1268 3082 acta
1292 3025 1326 3082 et
1351 3016 1465 3081 odium
1569 3079 1571 3092 ,

280 3143 405 3202 ‘regum
441 3125 657 3189 Ponticorum
697 3125 762 3188 iam
797 3143 887 3189 mere
925 3124 1129 3190 Graecorum
1164 3124 1325 3188 flammam
1361 3124 1464 3188 etiam

288 3232 396 3311 magis
428 3231 648 3296 incenderint.
696 3233 964 3299 Babellaverunt
997 3233 1156 3298 Saumaco
1191 3231 1331 3310 quodam
1365 3230 1461 3312 duce,

289 3340 345 3418 qui
370 3338 592 3419 Paorisadom
617 3331 675 3400 cdo
699 3333 914 3424 dabbapcaw
938 3332 1048 3421 αὐτόν,
1073 3339 1289 3419 interfecta).
1322 3338 1464 3420 Quinam

290 3453 342 3511 est
371 3446 430 3509 ille
455 3445 657 3510 Saumacus?
688 3447 861 3524 Appianas
886 3446 1050 3526 quidem⁸t
1076 3446 1280 3511 Sobadacum
1306 3446 1464 3525 Scytham

289 3560 461 3634 memorat,
486 3554 543 3631 qui
568 3553 609 3617 ad
624 3554 790 3619 Romanos
814 3553 1029 3632 transfugere
1053 3554 1190 3618 molitus
1212 3553 1270 3618 sed
1288 3572 1307 3617 a
1322 3553 1464 3617 Mithra·

365 3693 368 3698 ⁵
397 3712 424 3774 l)
444 3709 506 3767 Lat.
526 3710 540 3763 I
557 3711 606 3764 185
619 3727 643 3765 v.
658 3711 682 3764 7.
703 3740 734 3752 —
756 3711 888 3765 Strabone
908 3716 979 3764 teste
998 3710 1158 3764 Mithradati
1177 3709 1263 3778 primo
1279 3725 1339 3763 cum
1352 3709 1464 3777 Sciiuro,

289 3805 347 3854 tum
367 3799 471 3854 domum
492 3815 551 3853 cnm
570 3799 669 3853 Paleco
690 3815 732 3854 ros
751 3805 800 3854 ost.
820 3799 853 3854 ci.
874 3799 998 3854 v11309
1018 3805 1046 3854 et
1064 3801 1125 3854 306.

397 3889 424 3958 2)
444 3888 532 3944 Strab.
550 3888 604 3942 VII
623 3890 684 3943 312.

396 3979 424 4042 3)
444 3977 532 4032 Strab.
552 3978 686 4033 vualo.

397 4068 425 4129 4)
445 4067 532 4123 Serah.
553 4067 607 4122 VH
624 4069 685 4122 309.

398 4159 425 4221 5)
445 4157 489 4212 tit.
508 4174 525 4212 v
544 4159 628 4225 seqq.

398 4247 426 4316 6)
446 4246 489 4301 tit.
509 4263 534 4302 v.
553 4249 586 4302 21
599 4264 638 4314 sq.
658 4248 746 4302 Strab.
767 4249 820 4301 VH
839 4249 897 4314 306,

399 4339 426 4405 7)
445 4337 489 4392 tit.
509 4353 533 4392 v.
552 4339 587 4391 32
598 4353 654 4405 sqq.

398 4429 427 4492 8)
447 4426 539 4487 Mithr.
559 4428 601 4492 79,
