3156 5080
763 386 974 452 „35⁸

276 580 522 646 matrimonium
554 582 696 648 duxerat
730 583 970 666 Comosaryen,
1010 585 1112 650 filiam
1143 587 1254 651 ultimi
1287 587 1461 665 principis

278 687 468 766 Sindorum‚
500 689 666 771 Gorgippi
699 710 716 756 e
749 692 957 770 Sportocidis
991 694 1068 758 orti.
1121 694 1172 758 Eo
1203 695 1310 759 tutius
1338 695 1461 758 Leuce
1556 676 1557 699 ¹

279 804 378 874 pater
401 798 587 862 arbitratus
613 805 687 864 crat
711 799 794 880 fore,
820 807 857 864 ut
880 801 941 864 hos
965 800 1047 864 fines
1064 800 1264 883 possideret,
1289 803 1319 865 si
1336 802 1462 866 Como-

277 922 397 985 sarye,
433 906 532 969 unica
566 904 732 986 Gorgippi
764 908 876 988 heres,
916 925 975 971 suo
1004 906 1073 971 filio
1104 909 1285 986 nupsisset.
1340 911 1462 988 Atque

277 1028 399 1088 operae
439 1014 583 1089 pretium
622 1021 673 1077 est
710 1031 982 1096 commemorare,
1030 1033 1102 1078 eum
1138 1013 1260 1097 filium,
1301 1016 1355 1079 cui
1398 1016 1463 1080 illa

276 1126 447 1199 nupserat,
472 1120 679 1197 provinciam
704 1121 879 1186 Sindorum
909 1122 943 1185 in
967 1140 1072 1199 regno
1099 1121 1274 1199 partiendo
1292 1125 1461 1187 sortitum
1559 1201 1560 1210 ἵ

277 1243 361 1289 csse.
400 1262 440 1270 -
478 1226 618 1291 Omnino
654 1228 852 1292 Paerisades
893 1247 1018 1292 summe
1058 1229 1191 1294 iustitia
1226 1237 1261 1293 et
1284 1231 1463 1308 sapientie

275 1350 434 1412 regnasse
468 1333 620 1416 videtur,
652 1333 739 1413 quod
770 1335 946 1399 Strabonis
980 1336 1174 1400 testimonio
1209 1337 1390 1402 acivibus
1418 1328 1462 1406 ὥς

273 1432 354 1508 θεὸς
387 1435 587 1519 νενόμισται.
644 1442 742 1506 Certe
790 1460 829 1506 eo
865 1449 1028 1522 regnante
1060 1443 1204 1520 Bospori
1234 1461 1289 1508 res
1324 1446 1460 1523 optimc

274 1547 438 1613 florebant
469 1547 670 1628 fortuneque
705 1550 946 1614 cumulabatur.
998 1549 1157 1631 Accedit,
1194 1558 1231 1615 ut
1263 1551 1458 1615 Alexandri

276 1654 468 1719 Macedonis
493 1664 599 1720 morte
624 1664 837 1735 praematura
860 1658 1011 1736 rixisque
1029 1658 1142 1721 statim
1161 1658 1250 1722 inter
1268 1657 1459 1723 diadochos

277 1770 413 1827 exortos
438 1764 632 1842 impeditum
657 1765 720 1846 sit,
745 1782 786 1828 ne
810 1763 1026 1829 Macedonum
1051 1757 1191 1844 regnum
1215 1760 1292 1830 illas
1318 1783 1458 1845 quoque

274 1869 408 1952 plagas,
439 1861 523 1949 quae
548 1871 583 1934 in
608 1889 667 1936 ora
690 1872 790 1936 Ponti
815 1872 1072 1950 septentrionali
1098 1873 1392 1937 inter'lhraciam
1421 1879 1458 1936 et

278 1975 468 2042 Colchidem
494 1979 581 2042 sitae
606 1986 712 2060 erant,
737 1978 916 2044 devoraret
927 1979 961 2060 ¹),
987 1997 1052 2057 qua
1074 1997 1112 2042 re
1136 1978 1261 2044 factum
1286 1987 1388 2062 esset,
1417 1985 1457 2044 ut

274 2083 445 2162 Bosporus
471 2104 601 2164 quoque
626 2084 898 2150 dimicationibus
922 2086 993 2149 illis
1015 2087 1187 2164 perpetuis
1204 2074 1454 2164 implicaretur.

382 2192 446 2257 Sed
480 2193 595 2256 statim
624 2201 701 2270 post
729 2200 868 2257 mortem
893 2192 1086 2256 Paerisadis
1118 2189 1247 2277 (31019)
1279 2212 1334 2258 ros
1366 2195 1455 2258 Bos·

273 2317 474 2376 poranorum
499 2300 534 2363 in
558 2319 717 2364 summum
742 2300 921 2364 discrimen
946 2299 1107 2364 adductae
1132 2308 1224 2382 sunt,
1254 2299 1341 2380 quod
1366 2301 1453 2365 Dio·

275 2405 375 2470 dorus
410 2407 542 2485 planius
578 2407 715 2486 exponit
725 2405 764 2490 2).
816 2407 924 2471 Erant
960 2408 1047 2470 enim
1076 2414 1147 2471 tres
1179 2407 1256 2490 filii,
1294 2391 1453 2488 SatyruS,

275 2513 445 2596 Prytanis,
470 2514 640 2578 Eumelus.
688 2515 798 2594 Regni
824 2521 934 2578 autem
959 2515 1175 2594 partitionem
1198 2515 1451 2594 periculosissi-

277 2639 361 2684 mam
386 2640 459 2686 esse
476 2622 675 2686 Paerisades
700 2623 772 2702 ipse
798 2629 956 2702 expertus
982 2629 1066 2686 erat.
1106 2623 1213 2688 Unum
1238 2623 1397 2703 Satyrum
1415 2608 1453 2688 Π

273 2727 453 2793 succedere
478 2729 588 2793 iussit.
636 2725 730 2810 Quod
755 2743 962 2808 summopere
980 2727 1180 2808 displicebat
1195 2729 1346 2812 Eumelo,
1371 2731 1450 2794 viro

271 2833 489 2899 fortissimmo
515 2837 718 2914 honorisque
743 2835 958 2915 cupidissimo
984 2843 1084 2913 atque
1109 2835 1243 2917 idoneo,
1273 2837 1339 2914 qui·
1355 2837 1450 2917 cupi-

273 2942 372 3007 ditati
390 2971 392 2974 *
413 2942 640 3008 satisfaceret.
701 2941 765 3024 Qui
810 2943 924 3006 nescio
967 2961 1008 3006 an
1049 2943 1194 3022 priorem
1230 2943 1450 3022 partitionem

270 3050 456 3129 respiciens
481 3051 552 3130 ipse
578 3069 707 3130 quoque
731 3049 895 3128 regnandi
919 3049 1088 3130 particeps
1112 3050 1185 3114 fieri
1209 3051 1360 3132 volebat,
1387 3050 1448 3116 sed

272 3157 504 3236 nequicquam.
552 3159 627 3222 Vim
669 3156 863 3223 adfectavit.
915 3157 1041 3221 Maitee
1071 3165 1181 3222 autem
1213 3173 1345 3237 semper
1376 3165 1449 3222 tur·

271 3264 402 3328 bulenti
426 3283 464 3328 ac
488 3265 678 3345 nuperrime
703 3265 816 3344 pecati
841 3261 945 3328 facile
967 3265 1095 3330 moveri
1119 3279 1216 3343 posse
1233 3263 1447 3329 videbantur.

273 3371 434 3436 Eumelus
459 3373 567 3452 igitur
591 3374 625 3436 in
649 3373 763 3437 Asiam
788 3371 960 3452 profectus
985 3372 1099 3436 statim
1123 3371 1262 3449 regulos
1287 3371 1447 3450 quosdam

270 3479 336 3543 sibi
354 3480 560 3561 conciliavit,
586 3480 748 3558 imprimis
765 3480 999 3560 Aripharnem,
1016 3478 1231 3542 Thatensium
1249 3479 1445 3558 principem.
1558 3481 1560 3488 ’

273 3587 396 3651 Mirum
428 3587 482 3651 cui
506 3586 662 3652 videatur
691 3588 874 3668 principem
905 3594 975 3650 tum
1000 3585 1223 3650 Thatensibus
1247 3583 1447 3667 praefuisse,

271 3695 426 3772 quoniam
451 3694 667 3759 aPaerisade
685 3695 869 3760 Thetenses
886 3693 1043 3758 subactos
1068 3710 1141 3757 esse
1164 3708 1267 3772 supro
1290 3691 1445 3757 vidimus.

272 3801 336 3866 Sed
360 3802 444 3865 haec
469 3803 624 3866 conicere
649 3802 753 3866 licere
778 3809 873 3881 puto:
897 3798 1097 3865 Paerisades
1120 3799 1274 3879 regulum
1299 3801 1445 3868 Thatcn-
1479 3854 1481 3858 .

273 3909 358 3972 sium
388 3909 581 3992 expulerat,
614 3907 673 3974 sed
697 3907 961 3988 quandoquidem
990 3907 1083 3972 natio
1108 3907 1169 3971 illa
1194 3905 1333 3970 difficile
1358 3926 1443 3970 com-

270 4016 361 4096 pesci
396 4023 552 4098 poterat,
588 4016 653 4080 iam
690 4015 868 4080 discordiis
904 4016 993 4080 inter
1017 4015 1229 4094 Bosporanos
1254 4015 1382 4078 exortis
1411 4021 1445 4078 et
1554 4054 1560 4222 ἰ

272 4138 482 4149 ιι--ιι

377 4209 404 4276 1)
424 4207 458 4263 ct
478 4207 570 4275 Niese‚
596 4207 692 4263 Gcsch.
712 4208 738 4263 d.
758 4207 857 4276 griech.
876 4221 902 4262 u.
922 4207 1028 4262 melred.
1048 4205 1162 4261 Staaten
1182 4222 1207 4274 p.
1220 4207 1282 4260 407.
1320 4204 1442 4274 schefer,

269 4297 464 4354 Demosthenes
482 4298 526 4352 111
545 4301 605 4353 107.

375 4388 595 4456 ffisswm
