3156 5080
593 447 812 511 „37--

112 645 311 724 Bosporano
358 643 509 723 principe
555 643 627 722 ipso
673 643 852 707 tumultum
898 644 1067 708 excitante
1106 643 1292 707 1111111111

115 753 231 816 statim
264 751 479 816 desciverunt
508 768 688 829 regemque
723 751 901 830 pristinum
936 758 1199 831 revocaverunt,
1236 751 1293 828 qui

114 859 250 923 Eumeli
273 841 496 922 rebellatione
521 857 708 938 adiuvanda
724 877 819 922 suum
836 876 871 922 se
889 859 1063 938 imperium
1081 866 1292 923 servaturum

115 967 191 1030 e'sse
223 966 391 1043 sperabat.
441 964 545 1046 Quam
576 964 774 1029 seditionem
799 965 987 1043 dupplicem
1013 966 1175 1030 citissime
1197 984 1293 1044 prae-

114 1073 234 1138 venire
266 1071 403 1136 studens
428 1072 569 1152 Satyrus
602 1090 675 1136 cum
700 1071 827 1135 duobus
852 1073 987 1136 milibus
1011 1074 1294 1136 mercenariorum

115 1179 324 1244 Graecorum
359 1179 566 1257 totidemque
591 1180 756 1243 Thracum
793 1186 828 1243 11
862 1180 1007 1259 triginta
1042 1180 1178 1244 milibus
1214 1180 1293 1260 Scy·

114 1288 261 1368 thanum,
287 1305 426 1366 quorum
452 1285 534 1350 duae
559 1295 673 1364 partes
698 1285 829 1364 pedites
847 1294 954 1368 erant,
978 1287 1093 1351 Asiam
1110 1287 1294 1369 ingressae,

115 1401 298 1472 postquam·
332 1394 490 1470 Thapsim
537 1392 657 1457 flumen
697 1394 730 1457 in
770 1392 942 1458 Maitidem
982 1412 1085 1472 aquas
1125 1393 1295 1460 effundens

116 1501 266 1581 transiit,
291 1500 373 1564 fines
401 1500 619 1566 teatensium
637 1501 772 1566 invasit.
812 1501 972 1564 Eumelus
998 1509 1033 1566 11
1054 1502 1295 1583 Ariopharnes‚

118 1613 302 1687 coegerant
348 1607 472 1686 viginti
523 1608 618 1671 milia
665 1609 813 1686 equitum
861 1615 895 1672 et
934 1609 1058 1687 viginti
1099 1607 1162 1672 duo
1202 1609 1296 1672 milia

118 1714 315 1792 peditum1).
376 1715 496 1779 Statim
532 1733 660 1782 manus
685 1723 937 1798 conseruerunt.
986 1716 1128 1796 Satyrus
1154 1717 1235 1794 ‚ipse
1259 1723 1297 1780 ut

118 1840 199 1886 suos
224 1821 438 1887 adversarios
462 1820 563 1886 facile
588 1821 731 1904 fugavit,
757 1823 806 1887 ita
822 1823 982 1886 Eumelus
1007 1824 1041 1886 in
1066 1822 1175 1887 altero
1194 1841 1297 1887 cornu

118 1929 216 1994 vicit.
272 1927 344 2010 Qua
379 1927 478 1996 ,clade
522 1929 659 2006 cognita
693 1929 834 2009 Satyrus
867 1929 1097 2008 persequendo
1131 1916 1297 1995 desistens

118 2054 194 2100 oum
218 2035 358 2100 Eumelo
390 2037 520 2102 victore
555 2054 756 2115 congressus
788 2053 861 2099 eum
886 2054 1017 2114 quoque
1041 2035 1184 2113 fugauit.
1231 2037 1297 2100 Fu-

122 2150 248 2223 gerunt
270 2143 416 2208 rebelles
448 2143 482 2207 in
506 2161 621 2223 regam
654 2143 878 2221 Ariopharnis
895 2162 999 2221 prope
1017 2144 1174 2221 l'hapsim
1188 2145 1297 2224 sitam,
1368 2193 1371 2200 .

119 2267 206 2330 quae
246 2269 286 2314 ex
330 2251 439 2314 altera
479 2258 575 2328 parte
612 2251 711 2316 clivis
748 2251 902 2315 saxuosis
941 2252 1147 2330 rupibusque
1183 2251 1298 2329 pronis

119 2357 251 2421 munita
275 2365 365 2438 1111,
398 2375 439 2420 ex
464 2358 573 2430 altera
597 2365 694 2436 parte
718 2357 839 2436 palude
863 2365 960 2423 vasta
984 2360 1162 2423 arboribus
1187 2358 1298 2438 densa,

1 2466 2 2472 ’
116 2482 203 2543 quac
237 2465 271 2528 in
304 2465 457 2543 utrisque
488 2463 634 2528 fluminis
665 2465 750 2542 ripis
782 2472 865 2530 erat.
912 2463 953 2529 In
978 2465 1038 2529 illa
1061 2473 1159 2543 parte
1184 2465 1299 2544 Satyri

117 2572 263 2649 impetus
289 2590 409 2649 magno
434 2590 506 2635 cum
525 2573 597 2636 eius
615 2571 818 2636 detrimento
836 2572 1054 2649 propulsatus
1071 2579 1132 2636 111.
1172 2569 1299 2636 Palude

126 2687 239 2743 autem
275 2697 379 2756 uspue
416 2679 457 2742 ad
493 2678 613 2759 flumen
649 2687 807 2757 superata
843 2697 915 2742 cum
950 2680 1062 2756 pontis
1097 2680 1300 2744 munimenta

118 2786 231 2865 lignea
268 2793 518 2866 expugnasset,
572 2785 693 2850 flumen
724 2785 863 2851 transiit
909 2804 948 2849 ac
981 2804 1042 2863 per
1073 2787 1177 2852 silvas
1210 2787 1299 2852 viam

119 2891 246 2956 faciens
270 2895 448 2970 processit.
498 2891 561 2958 Sed
586 2893 816 2971 Ariopharnes
845 2893 1037 2972 sagittariis
1069 2912 1130 2971 per
1161 2895 1299 2959 arbores

118 2999 312 3064 distributis
359 3000 485 3064 milites
533 3001 567 3064 11
615 3019 715 3078 opere
754 3007 909 3066 versatos
948 3000 1046 3065 valde
1086 3019 1126 3064 ex
1165 3001 1299 3066 insidiis

117 3107 267 3173 vexavit.
322 3107 413 3172 Ante
435 3125 545 3172 arcem
576 3123 648 3170 cnm
681 3109 892 3172 substitisset
913 3126 1036 3186 *pugna
1060 3108 1202 3188 Satyrus
1226 3109 1299 3186 ipse

119 3214 270 3279 Menisco
303 3215 417 3293 legato
449 3215 618 3279 laboranti
650 3214 809 3279 succurit.
858 3213 922 3278 Sed
955 3215 1052 3278 hasta
1081 3215 1116 3278 in
1139 3216 1299 3280 bracchio

119 3321 210 3385 ictus
235 3321 309 3384 loco
335 3320 503 3386 discessit.
551 3321 708 3405 Proxima
732 3328 830 3386 nocte
850 3355 885 3364 —-
908 3322 1004 3385 hasta
1026 3339 1154 3386 veneno
1172 3323 1300 3387 imbuta

123 3427 230 3492 fuisse
254 3427 390 3493 videtur
414 3463 456 3472 —-
480 3435 632 3492 mortuus
657 3436 709 3493 est
733 3436 810 3506 post
833 3446 973 3508 regnum
990 3447 1107 3494 novem
1124 3429 1298 3494 mensium.

121 3535 279 3614 Satyrum
316 3553 432 3600 verum
465 3535 695 3613 Spartooidam
724 3534 830 3600 fuisse
860 3553 1032 3615 regnoque
1066 3535 1297 3616 dignissimum

1 3689 2 3706 t
120 3641 195 3720 quis
227 3648 293 3722 est,
336 3643 393 3721 qui
423 3640 547 3720 neget?
582 3642 778 3706 Exercitum
817 3649 927 3707 autem
962 3644 1079 3707 orbum
1128 3643 1299 3708 Meniscus

120 3747 258 3812 reduxit
298 3747 506 3830 Gargazam
553 3751 588 3814 in
634 3749 790 3828 oppidum
836 3751 945 3814 minus
984 3749 1152 3816 infestum.
1216 3753 1298 3819 Tum

123 3855 267 3930 cadaver
303 3857 397 3936 regis
433 3875 519 3936 aqua
553 3857 813 3935 Panticapaeum
850 3856 1044 3936 deportavit
1078 3858 1119 3921 ad
1154 3859 1299 3934 alterum
1416 3883 1417 3887 ¹

32 4013 33 4016 ,
120 3961 261 4028 fratrem
290 3964 480 4044 Prytanem.
529 3963 594 4045 Qui
622 3964 719 4030 brevi
742 3973 820 4042 post
844 3983 916 4028 cum
943 3964 1118 4044 Gargazae
1143 3973 1233 4030 esset
1257 3965 1297 4030 ad

232 4232 256 4289 11
276 4229 369 4283 Diod:
391 4231 540 4304 δισχιλίους
552 4225 621 4302 πρὸς
634 4238 690 4290 τοῖς
704 4233 858 4306 διρμυρίοις
880 4231 906 4284 ci
936 4231 1053 4298 Krtger,
1074 4230 1194 4298 (11811.
1217 4231 1233 4302 ξ
1256 4234 1301 4304 24,

121 4319 147 4384 2,
166 4319 191 4373 8.
228 4318 442 4375 Κ1111111181.
467 4321 493 4374 4.
511 4319 601 4374 Minus
620 4324 694 4375 11111
714 4321 761 4374 alii
774 4325 933 4376 statuerunt
945 4320 997 4374 duo
1010 4319 1087 4374 milia
1100 4325 1195 4374 contra
1208 4321 1300 4389 Satyri
1395 4337 1400 4348 ¹

121 4407 221 4476 viginti
240 4407 324 4463 milia.
