3156 5080
596 517 808 577 ..31-

85 708 311 774 abundabat.
358 709 452 776 Unde
477 727 597 788 magna
620 701 733 786 gloria
758 715 950 786 comparata
973 708 1120 786 posteris
1144 708 1287 771 nominis

84 815 376 880 Leuconidarum
411 823 510 880 autor
545 816 654 881 evasit
663 814 698 898 ¹).
747 815 838 893 Opus
870 822 980 879 autem
1016 813 1128 879 fuerat
1161 814 1201 879 ad
1227 814 1287 878 illa

85 930 146 987 tot
187 923 289 986 bella
324 923 501 1000 permultis
542 923 777 1003 mercenariis,
821 940 960 1001 quorum
1001 919 1287 985 conducendorum

89 1047 204 1093 causa
247 1047 322 1093 cum
358 1029 529 1092 nonnullis
567 1028 765 1094 civitatibus
801 1029 928 1092 exteris
964 1027 1130 1091 amicitias
1166 1027 1286 1092 iunxit.

87 1135 160 1200 Est
187 1134 331 1214 quidem
356 1134 528 1200 decretum
555 1133 721 1198 Arcadum
743 1135 778 1198 in
794 1135 959 1198 Leuconis
976 1134 1134 1197 honorem
1151 1133 1287 1215 factum,

88 1242 195 1305 cuius
215 1241 372 1306 initium:
399 1235 509 1314 ἔδοξεν
532 1246 600 1310 τοῖς
625 1233 774 1321 Ἀρκοίσιν
799 1290 805 1303 .
825 1290 832 1303 .
851 1289 857 1302 .
877 1247 1045 1332 servatum
1063 1249 1115 1304 est
1135 1240 1222 1319 (Lat.
1240 1238 1285 1320 4).

90 1348 184 1414 Sunt
211 1349 275 1427 qui
299 1348 384 1412 illud
409 1347 598 1412 Arcadibus
621 1348 845 1426 Peloponnesi
869 1348 1071 1426 abrogantes
1097 1345 1136 1409 de
1164 1347 1285 1424 oppido

91 1455 264 1520 Cretensi
301 1456 454 1534 cogitent
484 1455 598 1519 verbis
631 1459 698 1523 τοῖς
727 1444 869 1536 Ἀρκάσιν
900 1472 979 1518 sane
1013 1454 1286 1517 memorabilibus

93 1561 293 1639 adducti2).
343 1561 438 1643 Quod
461 1581 527 1625 non
552 1579 634 1639 opus
658 1569 728 1641 est,
757 1561 787 1624 si
811 1561 932 1625 titulus
962 1568 1040 1640 post
1071 1579 1190 1625 annum
1222 1564 1285 1624 369

91 1669 214 1734 factus
234 1677 300 1750 est,
319 1687 383 1748 quo
400 1669 551 1733 Arcades
568 1661 681 1729 κοινόν
698 1670 888 1733 iunxerunt.
924 1669 993 1733 Nec
1010 1687 1075 1733 non
1091 1669 1288 1733 litteratura

93 1776 236 1841 decreti
263 1775 304 1840 ad
338 1777 430 1840 illam
465 1783 609 1840 aetatem
646 1773 834 1856 11111113).
873 1811 912 1820 -
947 1775 1075 1840 Deinde
1106 1775 1195 1838 bella
1227 1775 1288 1838 illa

93 1882 271 1948 diuturna
297 1890 330 1948 et
355 1883 469 1964 Satyri
495 1891 529 1948 et
553 1883 719 1947 Leuconis
744 1883 1034 1961 sumptuosissima
1058 1881 1162 1946 fuisse
1193 1889 1287 1960 patet

93 2009 212 2069 neque
257 1991 324 2054 iam
358 2007 499 2069 magnae
535 1991 697 2067 pecuniae
735 1989 967 2068 suppeditasse
1002 1988 1175 2070 videntur,
1213 2008 1286 2052 cum

95 2095 309 2161 commercia
333 2096 433 2160 bellis
457 2097 528 2160 illis
553 2097 839 2177 imminuerentur,
863 2095 1072 2160 Theudosiae
1104 2096 1286 2174 emporium

96 2203 285 2266 admodum
313 2220 432 2267 recens
469 2211 579 2284 esset,
612 2203 838 2268 Sarmatarum
869 2202 1141 2281 expeditionibus
1172 2210 1286 2281 partes

98 2311 283 2375 Asiaticae
308 2317 461 2376 vastatae
479 2317 600 2374 essent.
649 2309 739 2391 Quae
764 2329 837 2374 cum
862 2311 1006 2392 11111111,
1030 2310 1124 2374 fidem
1142 2309 1286 2374 fortasse

97 2418 227 2482 haberi
264 2417 347 2482 licet
383 2417 556 2481 nonnullis
599 2418 720 2489 rebus.
757 2435 841 2496 quae
877 2417 916 2482 de
956 2419 1110 2482 Leucone
1146 2417 1285 2496 quodam

97 2525 305 2604 Bosporano
338 2524 480 2589 maxime
519 2543 538 2588 a
573 2524 743 2604 Polyaeno
771 2532 962 2589 narrantur.
1016 2525 1163 2589 Primum
1199 2526 1286 2590 enim

99 2631 218 2696 Leuoo
257 2630 368 2696 fertur
402 2633 517 2695 morbo
551 2631 604 2694 illi
638 2631 763 2695 aerarii
795 2631 921 2695 mederi
952 2631 1090 2696 studens
1121 2639 1156 2695 et
1179 2632 1285 2709 parsi·

101 2741 240 2803 moniae
265 2737 384 2804 favens
409 2739 578 2803 satellites
610 2738 768 2817 quosdam
793 2739 876 2802 aleis
916 2739 1060 2817 aliisque
1089 2739 1286 2803 libidinibus

103 2845 246 2910 nimium
305 2845 520 2925 indulgentes
586 2863 722 2909 munere
780 2846 969 2924 privavisse
1030 2835 1285 2929 u'pacbtdtow).

103 2951 239 3016 Deinde
264 2953 371 3016 etiam
396 2970 534 3030 parasse
559 2953 625 3016 sibi
653 2953 812 3031 pecunias
847 2953 933 3017 mira
968 2953 1107 3032 quadam
1142 2953 1285 3017 ratione.

102 3057 264 3124 Jussisse
290 3059 377 3122 enim
415 3076 526 3122 omnes
561 3077 710 3123 nummos
746 3061 869 3125 civium
903 3061 968 3124 sibi
1003 3059 1093 3124 tradi
1126 3061 1286 3155 simulans

103 3165 195 3231 alios
221 3166 299 3230 inde
324 3183 359 3230 se
385 3165 506 3230 cudere
530 3166 620 3231 velle
644 3174 744 3245 atque
769 3167 830 3230 hos
851 3165 1060 3231 redditurum
1090 3185 1173 3231 esse.
1222 3166 1286 3232 Sed

104 3272 187 3337 illos
224 3292 373 3338 nummos
409 3291 496 3338 novo
531 3280 660 3338 tantum
696 3274 870 3352 signaculo
908 3281 1044 3338 ornatos
1067 3273 1215 3339 reddidit
1247 3293 1287 3339 ea

32 3425 34 3430 -
105 3378 205 3463 lege,
242 3388 280 3445 ut
315 3380 461 3458 dnpplex
497 3380 669 3463 valerent,
705 3400 769 3460 quo
806 3381 882 3444 dolo
919 3380 1089 3445 dimidium
1125 3383 1286 3459 pecuniae

104 3487 326 3566 Bosporanae
351 3487 416 3551 sibi
433 3488 580 3552 retinere
598 3493 754 3565 poterat⁵
761 3505 781 3564 1.
829 3489 1092 3568 (Zvvangskurs).
1140 3491 1186 3554 At
1209 3508 1286 3553 num

105 3595 211 3659 talem
243 3596 427 3674 nequitiam
473 3595 507 3658 in
545 3596 700 3660 Leucone
736 3595 842 3660 fuisse
873 3596 1084 3661 statuendum
1113 3597 1178 3678 sit,
1213 3597 1285 3661 iure

219 3786 246 3855 1)
266 3786 370 3841 Aelian.
390 3803 446 3842 111.
467 3788 529 3841 hist.
550 3788 589 3842 VI
609 3789 650 3842 13.

216 3877 243 3946 2]
263 3876 361 3929 Perrot
378 3876 396 3930 l.
416 3876 433 3930 1.
453 3893 478 3944 p.
499 3879 532 3932 34
552 3878 629 3932 Anm.
649 3877 683 3931 cf.
703 3878 764 3930 Lat.
784 3877 854 3930 Add.
874 3877 1000 3946 etcorrig·

216 3968 244 4028 3)
265 3965 300 4020 ct'.
321 3964 521 4034 Ditteubergor‚
541 3966 650 4036 Sylloge
664 3967 698 4020 ad
717 3968 760 4020 99.
781 3997 813 4005 -
833 3965 928 4021 Rhein.
943 3967 1009 4020 1111.
1028 3969 1064 4022 33
1082 3967 1286 4032 4291811111).

215 4055 244 4118 4)
264 4057 369 4108 Aeneas
388 4057 461 4110 Gom.
483 4056 597 4110 Polioro.
618 4056 641 4110 V
661 4058 686 4111 2.

216 4143 402 4212 b)Polyae1a‚
423 4145 504 4198 via.
542 4145 583 4198 Ex
602 4145 651 4200 hoc
679 4145 768 4214 capite
791 4145 892 4200 llelber
916 4152 997 4214 putat
1020 4147 1052 4215 ἐξ
1074 4147 1141 4200 1-2
1168 4163 1222 4200 non
1247 4147 1286 4200 ita

108 4228 161 4285 fide
189 4233 287 4301 dignas
319 4248 389 4300 esse,
421 4249 481 4286 1111
509 4249 543 4288 ex
571 4234 733 4289 collectaneo
763 4235 876 4302 quodam
909 4235 1060 4290 obscuriore
1087 4237 1202 4290 haustae
1221 4235 1286 4305 sint,

109 4322 217 4375 maioris
246 4321 418 4375 auctoritatis
455 4338 514 4376 esse
542 4324 574 4392 §d
593 4322 679 4389 3-A‚
709 4340 777 4391 quae
805 4326 937 4378 incertum
965 4341 1000 4378 an
1029 4340 1062 4379 ex
1089 4325 1183 4380 eodatn
1211 4324 1287 4380 fonte

109 4407 244 4474 1111111111,
274 4425 361 4477 equo
390 4409 675 4480 1141111192.
713 4413 839 4468 Ceterum
866 4413 968 4468 llelber
996 4414 1099 4468 nullum
1127 4415 1177 4468 nisi
1204 4431 1285 4469 unum

110 4495 262 4554 Leuconem
281 4498 466 4568 Bosporanum
485 4500 569 4556 novit.
