<?xml version="1.0" encoding="UTF-8"?>
<!DOCTYPE html PUBLIC "-//W3C//DTD XHTML 1.0 Transitional//EN"
    "http://www.w3.org/TR/xhtml1/DTD/xhtml1-transitional.dtd">
<html xmlns="http://www.w3.org/1999/xhtml" xml:lang="en" lang="en">
 <head>
  <title>
</title>
<meta http-equiv="Content-Type" content="text/html;charset=utf-8" />
  <meta name='ocr-system' content='tesseract 3.04.00' />
  <meta name='ocr-capabilities' content='ocr_page ocr_carea ocr_par ocr_line ocrx_word'/>
</head>
<body>
  <div class='ocr_page' id='page_1' title='image "./deregnobosporan00ortmgoog_0053.png"; bbox 0 0 3156 5080; ppageno 0'>
   <div class='ocr_carea' id='block_1_1' title="bbox 604 459 822 525">
    <p class='ocr_par' dir='ltr' id='par_1_1' title="bbox 604 459 822 525">
     <span class='ocr_line' id='line_1_1' title="bbox 604 459 822 525; baseline 0 -21"><span class='ocrx_word' id='word_1_1' title='bbox 604 459 822 525; x_wconf 32' lang='lat'><strong>*49-</strong></span> 
     </span>
    </p>
   </div>
   <div class='ocr_carea' id='block_1_2' title="bbox 115 652 1306 2558">
    <p class='ocr_par' dir='ltr' id='par_1_2' title="bbox 115 652 1305 2434">
     <span class='ocr_line' id='line_1_2' title="bbox 115 652 1302 738; baseline -0.001 -17"><span class='ocrx_word' id='word_1_2' title='bbox 115 653 264 738; x_wconf 85' lang='lat' dir='ltr'><strong>Rbodo‚</strong></span> <span class='ocrx_word' id='word_1_3' title='bbox 301 655 427 734; x_wconf 77' lang='lat' dir='ltr'><strong>Thaso,</strong></span> <span class='ocrx_word' id='word_1_4' title='bbox 465 655 579 721; x_wconf 81' lang='lat' dir='ltr'><strong>Cnido.</strong></span> <span class='ocrx_word' id='word_1_5' title='bbox 626 656 695 721; x_wconf 90' lang='lat' dir='ltr'><strong>Nec</strong></span> <span class='ocrx_word' id='word_1_6' title='bbox 719 675 785 720; x_wconf 92' lang='lat' dir='ltr'><strong>non</strong></span> <span class='ocrx_word' id='word_1_7' title='bbox 809 656 934 721; x_wconf 89' lang='lat' dir='ltr'><strong>lateres</strong></span> <span class='ocrx_word' id='word_1_8' title='bbox 959 663 1036 721; x_wconf 88' lang='lat' dir='ltr'><strong>sunt</strong></span> <span class='ocrx_word' id='word_1_9' title='bbox 1059 656 1156 722; x_wconf 89' lang='lat' dir='ltr'><strong>multi</strong></span> <span class='ocrx_word' id='word_1_10' title='bbox 1181 652 1302 736; x_wconf 84' lang='lat' dir='ltr'><strong>magis-</strong></span> 
     </span>
     <span class='ocr_line' id='line_1_3' title="bbox 116 763 1303 845; baseline 0 -17"><span class='ocrx_word' id='word_1_11' title='bbox 116 770 237 828; x_wconf 88' lang='lat' dir='ltr'><strong>tratus</strong></span> <span class='ocrx_word' id='word_1_12' title='bbox 282 764 375 828; x_wconf 87' lang='lat' dir='ltr'><strong>illius</strong></span> <span class='ocrx_word' id='word_1_13' title='bbox 415 764 547 828; x_wconf 91' lang='lat' dir='ltr'><strong>nomine</strong></span> <span class='ocrx_word' id='word_1_14' title='bbox 583 764 760 845; x_wconf 77' lang='lat' dir='ltr'>instructi,</span> <span class='ocrx_word' id='word_1_15' title='bbox 818 781 901 842; x_wconf 90' lang='lat' dir='ltr'><strong>quos</strong></span> <span class='ocrx_word' id='word_1_16' title='bbox 945 763 1109 842; x_wconf 85' lang='lat' dir='ltr'><strong>imprimis</strong></span> <span class='ocrx_word' id='word_1_17' title='bbox 1143 764 1303 828; x_wconf 84' lang='lat' dir='ltr'><strong>Olbianos</strong></span> 
     </span>
     <span class='ocr_line' id='line_1_4' title="bbox 115 868 1301 950; baseline 0 -16"><span class='ocrx_word' id='word_1_18' title='bbox 115 869 232 935; x_wconf 81' lang='lat' dir='ltr'><strong>fuisse</strong></span> <span class='ocrx_word' id='word_1_19' title='bbox 275 871 406 936; x_wconf 79' lang='lat' dir='ltr'>Becker</span> <span class='ocrx_word' id='word_1_20' title='bbox 439 871 514 936; x_wconf 83' lang='lat' dir='ltr'><strong>vult</strong></span> <span class='ocrx_word' id='word_1_21' title='bbox 551 870 587 950; x_wconf 86' lang='grc'><strong>(1.</strong></span> <span class='ocrx_word' id='word_1_22' title='bbox 613 871 634 934; x_wconf 93' lang='lat' dir='ltr'><strong>l.</strong></span> <span class='ocrx_word' id='word_1_23' title='bbox 659 871 692 934; x_wconf 94' lang='lat' dir='ltr'>X</span> <span class='ocrx_word' id='word_1_24' title='bbox 723 889 754 950; x_wconf 88' lang='lat' dir='ltr'><strong>p.</strong></span> <span class='ocrx_word' id='word_1_25' title='bbox 780 875 903 950; x_wconf 67' lang='lat' dir='ltr'><strong>ibsqq.</strong></span> <span class='ocrx_word' id='word_1_26' title='bbox 937 875 989 934; x_wconf 78' lang='lat'><strong>32.</strong></span> <span class='ocrx_word' id='word_1_27' title='bbox 1022 877 1122 950; x_wconf 76' lang='lat' dir='ltr'><strong>disq.</strong></span> <span class='ocrx_word' id='word_1_28' title='bbox 1158 868 1301 950; x_wconf 69' lang='lat' dir='ltr'><strong>lonso).</strong></span> 
     </span>
     <span class='ocr_line' id='line_1_5' title="bbox 115 977 1304 1057; baseline 0.002 -16"><span class='ocrx_word' id='word_1_29' title='bbox 115 977 171 1042; x_wconf 87' lang='lat' dir='ltr'><strong>Ad</strong></span> <span class='ocrx_word' id='word_1_30' title='bbox 199 980 378 1043; x_wconf 85' lang='lat' dir='ltr'><strong>contiones</strong></span> <span class='ocrx_word' id='word_1_31' title='bbox 402 986 512 1043; x_wconf 89' lang='lat' dir='ltr'><strong>autem</strong></span> <span class='ocrx_word' id='word_1_32' title='bbox 534 978 807 1043; x_wconf 82' lang='lat' dir='ltr'><strong>demonstrandas</strong></span> <span class='ocrx_word' id='word_1_33' title='bbox 825 979 962 1043; x_wconf 90' lang='lat' dir='ltr'><strong>Boeckh</strong></span> <span class='ocrx_word' id='word_1_34' title='bbox 986 979 1095 1044; x_wconf 86' lang='lat' dir='ltr'><strong>utitur</strong></span> <span class='ocrx_word' id='word_1_35' title='bbox 1111 979 1184 1042; x_wconf 93' lang='lat' dir='ltr'><strong>loco</strong></span> <span class='ocrx_word' id='word_1_36' title='bbox 1202 997 1304 1057; x_wconf 88' lang='lat' dir='ltr'><strong>supra</strong></span> 
     </span>
     <span class='ocr_line' id='line_1_6' title="bbox 116 1085 1304 1167; baseline 0.001 -20"><span class='ocrx_word' id='word_1_37' title='bbox 116 1092 329 1167; x_wconf 77' lang='lat' dir='ltr'><strong>memorato,</strong></span> <span class='ocrx_word' id='word_1_38' title='bbox 354 1087 411 1149; x_wconf 91' lang='lat' dir='ltr'><strong>nbi</strong></span> <span class='ocrx_word' id='word_1_39' title='bbox 435 1085 595 1150; x_wconf 80' lang='lat' dir='ltr'>Eumelus</span> <span class='ocrx_word' id='word_1_40' title='bbox 618 1086 863 1163; x_wconf 84' lang='lat' dir='ltr'><strong>Panticapaitis</strong></span> <span class='ocrx_word' id='word_1_41' title='bbox 896 1087 1090 1151; x_wconf 82' lang='lat' dir='ltr'><strong>convocatis</strong></span> <span class='ocrx_word' id='word_1_42' title='bbox 1122 1086 1304 1164; x_wconf 86' lang='lat' dir='ltr'><strong>pollicetur</strong></span> 
     </span>
     <span class='ocr_line' id='line_1_7' title="bbox 119 1185 1304 1272; baseline 0.004 -21"><span class='ocrx_word' id='word_1_43' title='bbox 119 1185 275 1272; x_wconf 75' lang='grc' dir='ltr'><em>πάτριον</em></span> <span class='ocrx_word' id='word_1_44' title='bbox 304 1189 475 1253; x_wconf 76' lang='grc' dir='ltr'><strong><em>πολιτείαν</em></strong></span> <span class='ocrx_word' id='word_1_45' title='bbox 505 1210 541 1255; x_wconf 90' lang='lat' dir='ltr'><strong>se</strong></span> <span class='ocrx_word' id='word_1_46' title='bbox 573 1210 647 1255; x_wconf 88' lang='lat' dir='ltr'><strong>esse</strong></span> <span class='ocrx_word' id='word_1_47' title='bbox 681 1200 903 1257; x_wconf 89' lang='lat' dir='ltr'><strong>servaturum.</strong></span> <span class='ocrx_word' id='word_1_48' title='bbox 930 1228 968 1236; x_wconf 87' lang='lat'><strong>-—</strong></span> <span class='ocrx_word' id='word_1_49' title='bbox 995 1195 1025 1256; x_wconf 87' lang='lat' dir='ltr'>A</span> <span class='ocrx_word' id='word_1_50' title='bbox 1048 1211 1160 1257; x_wconf 91' lang='lat' dir='ltr'><strong>rerum</strong></span> <span class='ocrx_word' id='word_1_51' title='bbox 1185 1191 1304 1258; x_wconf 91' lang='lat' dir='ltr'><strong>deinde</strong></span> 
     </span>
     <span class='ocr_line' id='line_1_8' title="bbox 118 1298 1303 1378; baseline 0.003 -16"><span class='ocrx_word' id='word_1_52' title='bbox 118 1299 356 1376; x_wconf 78' lang='lat' dir='ltr'><strong>scriptoribus</strong></span> <span class='ocrx_word' id='word_1_53' title='bbox 404 1299 591 1378; x_wconf 84' lang='lat' dir='ltr'><strong>complures</strong></span> <span class='ocrx_word' id='word_1_54' title='bbox 639 1298 925 1364; x_wconf 79' lang='lat' dir='ltr'><strong>denominationes</strong></span> <span class='ocrx_word' id='word_1_55' title='bbox 965 1299 1052 1364; x_wconf 89' lang='lat' dir='ltr'><strong>aliae</strong></span> <span class='ocrx_word' id='word_1_56' title='bbox 1093 1301 1303 1366; x_wconf 78' lang='lat' dir='ltr'><strong>exhibentur.</strong></span> 
     </span>
     <span class='ocr_line' id='line_1_9' title="bbox 119 1399 1302 1492; baseline -0.002 -23"><span class='ocrx_word' id='word_1_57' title='bbox 119 1406 195 1469; x_wconf 82' lang='lat' dir='ltr'><strong>Hae</strong></span> <span class='ocrx_word' id='word_1_58' title='bbox 234 1413 328 1470; x_wconf 82' lang='lat' dir='ltr'><strong>sunt:</strong></span> <span class='ocrx_word' id='word_1_59' title='bbox 365 1400 577 1487; x_wconf 72' lang='lat' dir='ltr'><strong>duodonac¹)‚</strong></span> <span class='ocrx_word' id='word_1_60' title='bbox 613 1403 814 1488; x_wconf 58' lang='grc' dir='ltr'><strong>βασιλεῑςῖ),</strong></span> <span class='ocrx_word' id='word_1_61' title='bbox 849 1400 1008 1485; x_wconf 76' lang='grc' dir='ltr'><strong><em>τύραννοι</em></strong></span> <span class='ocrx_word' id='word_1_62' title='bbox 1019 1404 1064 1490; x_wconf 81' lang='lat'><strong>¹⁸),</strong></span> <span class='ocrx_word' id='word_1_63' title='bbox 1101 1399 1302 1492; x_wconf 57' lang='grc' dir='ltr'><strong>ἡγεμόνεςῑ),</strong></span> 
     </span>
     <span class='ocr_line' id='line_1_10' title="bbox 118 1506 1302 1595; baseline 0.007 -24"><span class='ocrx_word' id='word_1_64' title='bbox 118 1506 292 1594; x_wconf 77' lang='grc' dir='ltr'><strong><em>μόναρχοι</em></strong></span> <span class='ocrx_word' id='word_1_65' title='bbox 304 1512 342 1595; x_wconf 72' lang='lat'><strong>⁶).</strong></span> <span class='ocrx_word' id='word_1_66' title='bbox 391 1513 509 1577; x_wconf 90' lang='lat' dir='ltr'><strong>Omnia</strong></span> <span class='ocrx_word' id='word_1_67' title='bbox 541 1521 652 1578; x_wconf 90' lang='lat' dir='ltr'><strong>autem</strong></span> <span class='ocrx_word' id='word_1_68' title='bbox 684 1514 766 1578; x_wconf 89' lang='lat' dir='ltr'><strong>haec</strong></span> <span class='ocrx_word' id='word_1_69' title='bbox 797 1514 930 1578; x_wconf 88' lang='lat' dir='ltr'><strong>nomina</strong></span> <span class='ocrx_word' id='word_1_70' title='bbox 959 1522 1052 1579; x_wconf 88' lang='lat' dir='ltr'><strong>corta</strong></span> <span class='ocrx_word' id='word_1_71' title='bbox 1081 1516 1214 1580; x_wconf 87' lang='lat' dir='ltr'><strong>ratione</strong></span> <span class='ocrx_word' id='word_1_72' title='bbox 1238 1533 1302 1579; x_wconf 92' lang='lat' dir='ltr'><strong>non</strong></span> 
     </span>
     <span class='ocr_line' id='line_1_11' title="bbox 123 1619 1303 1702; baseline 0.003 -20"><span class='ocrx_word' id='word_1_73' title='bbox 123 1637 203 1683; x_wconf 88' lang='lat' dir='ltr'><strong>esse</strong></span> <span class='ocrx_word' id='word_1_74' title='bbox 229 1619 383 1685; x_wconf 87' lang='lat' dir='ltr'><strong>adbibita</strong></span> <span class='ocrx_word' id='word_1_75' title='bbox 406 1628 510 1702; x_wconf 80' lang='lat' dir='ltr'><strong>patet,</strong></span> <span class='ocrx_word' id='word_1_76' title='bbox 535 1638 642 1698; x_wconf 90' lang='lat' dir='ltr'><strong>neque</strong></span> <span class='ocrx_word' id='word_1_77' title='bbox 666 1626 704 1684; x_wconf 91' lang='lat' dir='ltr'><strong>ut</strong></span> <span class='ocrx_word' id='word_1_78' title='bbox 727 1637 807 1684; x_wconf 88' lang='lat' dir='ltr'><strong>usus</strong></span> <span class='ocrx_word' id='word_1_79' title='bbox 831 1621 957 1699; x_wconf 92' lang='lat' dir='ltr'><strong>publici</strong></span> <span class='ocrx_word' id='word_1_80' title='bbox 980 1621 1164 1700; x_wconf 89' lang='lat' dir='ltr'><strong>specimina</strong></span> <span class='ocrx_word' id='word_1_81' title='bbox 1181 1629 1303 1702; x_wconf 84' lang='lat' dir='ltr'><strong>essent,</strong></span> 
     </span>
     <span class='ocr_line' id='line_1_12' title="bbox 121 1727 1303 1808; baseline 0.003 -19"><span class='ocrx_word' id='word_1_82' title='bbox 121 1727 292 1791; x_wconf 90' lang='lat' dir='ltr'><strong>nonnulla</strong></span> <span class='ocrx_word' id='word_1_83' title='bbox 317 1729 418 1792; x_wconf 89' lang='lat' dir='ltr'><strong>etiam</strong></span> <span class='ocrx_word' id='word_1_84' title='bbox 434 1745 609 1806; x_wconf 80' lang='lat' dir='ltr'><strong>numquam</strong></span> <span class='ocrx_word' id='word_1_85' title='bbox 627 1727 803 1792; x_wconf 88' lang='lat' dir='ltr'><strong>sollemnia</strong></span> <span class='ocrx_word' id='word_1_86' title='bbox 819 1735 853 1792; x_wconf 89' lang='lat' dir='ltr'><strong>et</strong></span> <span class='ocrx_word' id='word_1_87' title='bbox 869 1729 1004 1806; x_wconf 88' lang='lat' dir='ltr'><strong>publica</strong></span> <span class='ocrx_word' id='word_1_88' title='bbox 1020 1727 1166 1793; x_wconf 85' lang='lat' dir='ltr'><strong>fuerunt.</strong></span> <span class='ocrx_word' id='word_1_89' title='bbox 1199 1727 1303 1808; x_wconf 87' lang='lat' dir='ltr'><strong>Atqui</strong></span> 
     </span>
     <span class='ocr_line' id='line_1_13' title="bbox 122 1832 1304 1916; baseline 0.001 -19"><span class='ocrx_word' id='word_1_90' title='bbox 122 1832 258 1916; x_wconf 69' lang='lat' dir='ltr'><strong>Maius,</strong></span> <span class='ocrx_word' id='word_1_91' title='bbox 283 1842 320 1900; x_wconf 90' lang='lat' dir='ltr'><strong>ut</strong></span> <span class='ocrx_word' id='word_1_92' title='bbox 343 1835 507 1916; x_wconf 80' lang='lat' dir='ltr'><strong>barbarie,</strong></span> <span class='ocrx_word' id='word_1_93' title='bbox 531 1852 631 1914; x_wconf 81' lang='lat' dir='ltr'><strong>reges</strong></span> <span class='ocrx_word' id='word_1_94' title='bbox 655 1842 845 1912; x_wconf 87' lang='lat' dir='ltr'><strong>praeerant,</strong></span> <span class='ocrx_word' id='word_1_95' title='bbox 870 1835 966 1900; x_wconf 90' lang='lat' dir='ltr'><strong>velut</strong></span> <span class='ocrx_word' id='word_1_96' title='bbox 982 1835 1180 1916; x_wconf 75' lang='lat' dir='ltr'><strong>Hecataeus,</strong></span> <span class='ocrx_word' id='word_1_97' title='bbox 1206 1837 1304 1900; x_wconf 82' lang='lat' dir='ltr'><strong>Ario-</strong></span> 
     </span>
     <span class='ocr_line' id='line_1_14' title="bbox 122 1940 1305 2022; baseline 0.002 -18"><span class='ocrx_word' id='word_1_98' title='bbox 122 1940 285 2022; x_wconf 87' lang='lat' dir='ltr'><strong>pbarnes,</strong></span> <span class='ocrx_word' id='word_1_99' title='bbox 311 1941 552 2022; x_wconf 59' lang='lat' dir='ltr'><strong>Gorgippusb,</strong></span> <span class='ocrx_word' id='word_1_100' title='bbox 582 1959 721 2019; x_wconf 90' lang='lat' dir='ltr'><strong>quorum</strong></span> <span class='ocrx_word' id='word_1_101' title='bbox 745 1949 947 2019; x_wconf 86' lang='lat' dir='ltr'><strong>potestatem</strong></span> <span class='ocrx_word' id='word_1_102' title='bbox 971 1950 1006 2007; x_wconf 87' lang='lat' dir='ltr'><strong>et</strong></span> <span class='ocrx_word' id='word_1_103' title='bbox 1029 1960 1148 2006; x_wconf 90' lang='lat' dir='ltr'><strong>nomen</strong></span> <span class='ocrx_word' id='word_1_104' title='bbox 1171 1943 1305 2020; x_wconf 86' lang='lat' dir='ltr'><strong>populis</strong></span> 
     </span>
     <span class='ocr_line' id='line_1_15' title="bbox 122 2047 1305 2130; baseline 0.003 -20"><span class='ocrx_word' id='word_1_105' title='bbox 122 2049 279 2113; x_wconf 83' lang='lat' dir='ltr'><strong>subactis</strong></span> <span class='ocrx_word' id='word_1_106' title='bbox 308 2057 529 2127; x_wconf 85' lang='lat' dir='ltr'><strong>susceperunt</strong></span> <span class='ocrx_word' id='word_1_107' title='bbox 553 2048 782 2126; x_wconf 85' lang='lat' dir='ltr'><strong>Spartoeidae.</strong></span> <span class='ocrx_word' id='word_1_108' title='bbox 830 2047 924 2130; x_wconf 78' lang='lat' dir='ltr'><strong>Quod</strong></span> <span class='ocrx_word' id='word_1_109' title='bbox 955 2057 1065 2114; x_wconf 89' lang='lat' dir='ltr'><strong>autem</strong></span> <span class='ocrx_word' id='word_1_110' title='bbox 1090 2049 1132 2114; x_wconf 91' lang='lat' dir='ltr'><strong>ad</strong></span> <span class='ocrx_word' id='word_1_111' title='bbox 1157 2049 1305 2114; x_wconf 84' lang='lat' dir='ltr'><strong>Graecas</strong></span> 
     </span>
     <span class='ocr_line' id='line_1_16' title="bbox 126 2153 1305 2236; baseline 0.004 -20"><span class='ocrx_word' id='word_1_112' title='bbox 126 2153 293 2220; x_wconf 76' lang='lat' dir='ltr'><strong>civitates</strong></span> <span class='ocrx_word' id='word_1_113' title='bbox 329 2157 470 2236; x_wconf 78' lang='lat' dir='ltr'><strong>attinet,</strong></span> <span class='ocrx_word' id='word_1_114' title='bbox 502 2173 557 2219; x_wconf 83' lang='lat' dir='ltr'><strong>res</strong></span> <span class='ocrx_word' id='word_1_115' title='bbox 594 2154 759 2232; x_wconf 90' lang='lat' dir='ltr'><strong>diceptari</strong></span> <span class='ocrx_word' id='word_1_116' title='bbox 793 2174 858 2220; x_wconf 93' lang='lat' dir='ltr'><strong>non</strong></span> <span class='ocrx_word' id='word_1_117' title='bbox 882 2163 996 2234; x_wconf 86' lang='lat' dir='ltr'><strong>potest</strong></span> <span class='ocrx_word' id='word_1_118' title='bbox 1023 2157 1089 2221; x_wconf 88' lang='lat' dir='ltr'><strong>nisi</strong></span> <span class='ocrx_word' id='word_1_119' title='bbox 1113 2157 1305 2222; x_wconf 88' lang='lat' dir='ltr'><strong>muneribus</strong></span> 
     </span>
     <span class='ocr_line' id='line_1_17' title="bbox 126 2261 1305 2345; baseline 0.003 -21"><span class='ocrx_word' id='word_1_120' title='bbox 126 2261 278 2336; x_wconf 90' lang='lat' dir='ltr'><strong>publicis</strong></span> <span class='ocrx_word' id='word_1_121' title='bbox 314 2262 682 2340; x_wconf 88' lang='lat' dir='ltr'><strong>administrationisqne</strong></span> <span class='ocrx_word' id='word_1_122' title='bbox 718 2262 851 2342; x_wconf 82' lang='lat' dir='ltr'><strong>legibus</strong></span> <span class='ocrx_word' id='word_1_123' title='bbox 887 2264 1081 2345; x_wconf 78' lang='lat' dir='ltr'><strong>perpensio,</strong></span> <span class='ocrx_word' id='word_1_124' title='bbox 1118 2263 1205 2342; x_wconf 91' lang='lat' dir='ltr'><strong>quod</strong></span> <span class='ocrx_word' id='word_1_125' title='bbox 1241 2264 1305 2328; x_wconf 91' lang='lat' dir='ltr'><strong>iam</strong></span> 
     </span>
     <span class='ocr_line' id='line_1_18' title="bbox 126 2365 487 2434; baseline 0.008 -4"><span class='ocrx_word' id='word_1_126' title='bbox 126 2365 245 2432; x_wconf 88' lang='lat' dir='ltr'><strong>facere</strong></span> <span class='ocrx_word' id='word_1_127' title='bbox 269 2369 487 2434; x_wconf 80' lang='lat' dir='ltr'><strong>instituimus</strong></span> 
     </span>
    </p>

    <p class='ocr_par' dir='ltr' id='par_1_3' title="bbox 133 2476 1306 2558">
     <span class='ocr_line' id='line_1_19' title="bbox 133 2476 1306 2558; baseline 0.002 -18"><span class='ocrx_word' id='word_1_128' title='bbox 133 2539 136 2548; x_wconf 86' lang='grc'>,</span> <span class='ocrx_word' id='word_1_129' title='bbox 238 2477 288 2540; x_wconf 90' lang='lat' dir='ltr'><strong>Ac</strong></span> <span class='ocrx_word' id='word_1_130' title='bbox 319 2477 461 2554; x_wconf 89' lang='lat' dir='ltr'><strong>primum</strong></span> <span class='ocrx_word' id='word_1_131' title='bbox 492 2476 566 2541; x_wconf 79' lang='lat' dir='ltr'><strong>dino</strong></span> <span class='ocrx_word' id='word_1_132' title='bbox 591 2476 631 2540; x_wconf 92' lang='lat' dir='ltr'><strong>de</strong></span> <span class='ocrx_word' id='word_1_133' title='bbox 655 2495 692 2540; x_wconf 89' lang='lat' dir='ltr'><strong>re</strong></span> <span class='ocrx_word' id='word_1_134' title='bbox 716 2477 867 2541; x_wconf 87' lang='lat' dir='ltr'><strong>militari.</strong></span> <span class='ocrx_word' id='word_1_135' title='bbox 916 2476 1030 2558; x_wconf 82' lang='lat' dir='ltr'><strong>Quoad</strong></span> <span class='ocrx_word' id='word_1_136' title='bbox 1056 2479 1128 2541; x_wconf 88' lang='lat' dir='ltr'><strong>eius</strong></span> <span class='ocrx_word' id='word_1_137' title='bbox 1152 2485 1306 2555; x_wconf 87' lang='lat' dir='ltr'><strong>spectare</strong></span> 
     </span>
    </p>
   </div>
   <div class='ocr_carea' id='block_1_3' title="bbox 125 2580 1308 3308">
    <p class='ocr_par' dir='ltr' id='par_1_4' title="bbox 125 2580 1308 3308">
     <span class='ocr_line' id='line_1_20' title="bbox 127 2580 1307 2664; baseline 0.003 -20"><span class='ocrx_word' id='word_1_138' title='bbox 127 2580 230 2664; x_wconf 87' lang='lat' dir='ltr'><strong>licet,</strong></span> <span class='ocrx_word' id='word_1_139' title='bbox 270 2584 439 2648; x_wconf 87' lang='lat' dir='ltr'><strong>exercitus</strong></span> <span class='ocrx_word' id='word_1_140' title='bbox 475 2583 747 2662; x_wconf 85' lang='lat' dir='ltr'><strong>Spartocidarum</strong></span> <span class='ocrx_word' id='word_1_141' title='bbox 782 2601 914 2662; x_wconf 87' lang='lat' dir='ltr'><strong>semper</strong></span> <span class='ocrx_word' id='word_1_142' title='bbox 949 2585 1231 2662; x_wconf 82' lang='lat' dir='ltr'><strong>componebantur</strong></span> <span class='ocrx_word' id='word_1_143' title='bbox 1266 2601 1307 2648; x_wconf 84' lang='lat' dir='ltr'><strong>ex</strong></span> 
     </span>
     <span class='ocr_line' id='line_1_21' title="bbox 125 2689 1307 2772; baseline 0.003 -22"><span class='ocrx_word' id='word_1_144' title='bbox 125 2690 349 2754; x_wconf 87' lang='lat' dir='ltr'><strong>mercenariis</strong></span> <span class='ocrx_word' id='word_1_145' title='bbox 368 2691 543 2754; x_wconf 80' lang='lat' dir='ltr'><strong>Thracicis</strong></span> <span class='ocrx_word' id='word_1_146' title='bbox 560 2689 767 2769; x_wconf 84' lang='lat' dir='ltr'><strong>Graecisque</strong></span> <span class='ocrx_word' id='word_1_147' title='bbox 792 2698 826 2755; x_wconf 89' lang='lat' dir='ltr'><strong>et</strong></span> <span class='ocrx_word' id='word_1_148' title='bbox 850 2709 891 2755; x_wconf 84' lang='lat' dir='ltr'><strong>ex</strong></span> <span class='ocrx_word' id='word_1_149' title='bbox 908 2691 1043 2772; x_wconf 85' lang='lat' dir='ltr'><strong>Scythis</strong></span> <span class='ocrx_word' id='word_1_150' title='bbox 1068 2691 1307 2770; x_wconf 80' lang='lat' dir='ltr'><strong>Sarmatisquo,</strong></span> 
     </span>
     <span class='ocr_line' id='line_1_22' title="bbox 130 2797 1307 2876; baseline 0.003 -17"><span class='ocrx_word' id='word_1_151' title='bbox 130 2797 186 2873; x_wconf 89' lang='lat' dir='ltr'><strong>qui</strong></span> <span class='ocrx_word' id='word_1_152' title='bbox 225 2813 331 2876; x_wconf 84' lang='lat' dir='ltr'><strong>regno</strong></span> <span class='ocrx_word' id='word_1_153' title='bbox 366 2798 540 2875; x_wconf 88' lang='lat' dir='ltr'><strong>parebant.</strong></span> <span class='ocrx_word' id='word_1_154' title='bbox 587 2799 714 2862; x_wconf 84' lang='lat' dir='ltr'><strong>Montio</strong></span> <span class='ocrx_word' id='word_1_155' title='bbox 750 2797 881 2876; x_wconf 87' lang='lat' dir='ltr'><strong>quidem</strong></span> <span class='ocrx_word' id='word_1_156' title='bbox 906 2797 944 2862; x_wconf 88' lang='lat' dir='ltr'><strong>fit</strong></span> <span class='ocrx_word' id='word_1_157' title='bbox 967 2798 1249 2862; x_wconf 82' lang='lat' dir='ltr'><strong>mercenariorum</strong></span> <span class='ocrx_word' id='word_1_158' title='bbox 1273 2797 1307 2862; x_wconf 91' lang='lat' dir='ltr'><strong>iu</strong></span> 
     </span>
     <span class='ocr_line' id='line_1_23' title="bbox 129 2901 1308 2988; baseline 0.002 -22"><span class='ocrx_word' id='word_1_159' title='bbox 129 2901 224 2968; x_wconf 93' lang='lat' dir='ltr'><strong>bello</strong></span> <span class='ocrx_word' id='word_1_160' title='bbox 251 2904 346 2968; x_wconf 91' lang='lat' dir='ltr'><strong>civili</strong></span> <span class='ocrx_word' id='word_1_161' title='bbox 369 2902 553 2987; x_wconf 80' lang='lat' dir='ltr'><strong>Eumeli⁷)‚</strong></span> <span class='ocrx_word' id='word_1_162' title='bbox 586 2905 699 2970; x_wconf 90' lang='lat' dir='ltr'><strong>titulis</strong></span> <span class='ocrx_word' id='word_1_163' title='bbox 723 2905 889 2970; x_wconf 87' lang='lat' dir='ltr'><strong>Leuconis</strong></span> <span class='ocrx_word' id='word_1_164' title='bbox 906 2901 972 2988; x_wconf 72' lang='lat'><strong>1⁸),</strong></span> <span class='ocrx_word' id='word_1_165' title='bbox 997 2905 1151 2984; x_wconf 82' lang='lat' dir='ltr'><strong>Spartoci</strong></span> <span class='ocrx_word' id='word_1_166' title='bbox 1168 2901 1248 2985; x_wconf 77' lang='lat' dir='ltr'>(III)</span> <span class='ocrx_word' id='word_1_167' title='bbox 1274 2912 1308 2968; x_wconf 88' lang='lat' dir='ltr'><strong>et</strong></span> 
     </span>
     <span class='ocr_line' id='line_1_24' title="bbox 128 2998 1306 3091; baseline 0.003 -18"><span class='ocrx_word' id='word_1_168' title='bbox 128 3008 375 3086; x_wconf 75' lang='lat' dir='ltr'><strong>Pocrisaoiso,</strong></span> <span class='ocrx_word' id='word_1_169' title='bbox 414 3011 555 3091; x_wconf 87' lang='lat' dir='ltr'><strong>denique</strong></span> <span class='ocrx_word' id='word_1_170' title='bbox 594 2998 839 3090; x_wconf 84' lang='lat' dir='ltr'><strong>sepulcralibns</strong></span> <span class='ocrx_word' id='word_1_171' title='bbox 872 3013 967 3078; x_wconf 86' lang='lat' dir='ltr'><strong>velut</strong></span> <span class='ocrx_word' id='word_1_172' title='bbox 999 3013 1162 3076; x_wconf 88' lang='lat' dir='ltr'><strong>Drosauis</strong></span> <span class='ocrx_word' id='word_1_173' title='bbox 1198 3011 1306 3090; x_wconf 91' lang='lat' dir='ltr'><strong>Paph-</strong></span> 
     </span>
     <span class='ocr_line' id='line_1_25' title="bbox 129 3115 1308 3202; baseline 0.001 -21"><span class='ocrx_word' id='word_1_174' title='bbox 129 3117 265 3199; x_wconf 83' lang='lat' dir='ltr'><strong>lagonis</strong></span> <span class='ocrx_word' id='word_1_175' title='bbox 278 3115 329 3201; x_wconf 87' lang='lat'><strong>¹⁰).</strong></span> <span class='ocrx_word' id='word_1_176' title='bbox 383 3119 547 3183; x_wconf 86' lang='lat' dir='ltr'><strong>Isocratis</strong></span> <span class='ocrx_word' id='word_1_177' title='bbox 571 3137 589 3182; x_wconf 89' lang='lat' dir='ltr'><strong>e</strong></span> <span class='ocrx_word' id='word_1_178' title='bbox 612 3121 806 3184; x_wconf 86' lang='lat' dir='ltr'><strong>testimonio</strong></span> <span class='ocrx_word' id='word_1_179' title='bbox 819 3117 858 3202; x_wconf 82' lang='grc'><strong>11)</strong></span> <span class='ocrx_word' id='word_1_180' title='bbox 883 3119 1031 3197; x_wconf 87' lang='lat' dir='ltr'><strong>Sopaeus</strong></span> <span class='ocrx_word' id='word_1_181' title='bbox 1055 3120 1232 3184; x_wconf 89' lang='lat' dir='ltr'><strong>universae</strong></span> <span class='ocrx_word' id='word_1_182' title='bbox 1256 3119 1308 3182; x_wconf 87' lang='lat' dir='ltr'><strong>rei</strong></span> 
     </span>
     <span class='ocr_line' id='line_1_26' title="bbox 131 3219 1308 3308; baseline -0.001 -19"><span class='ocrx_word' id='word_1_183' title='bbox 131 3226 277 3290; x_wconf 89' lang='lat' dir='ltr'><strong>militari</strong></span> <span class='ocrx_word' id='word_1_184' title='bbox 301 3226 447 3291; x_wconf 87' lang='lat' dir='ltr'><strong>consulit</strong></span> <span class='ocrx_word' id='word_1_185' title='bbox 471 3219 653 3306; x_wconf 76' lang='grc' dir='ltr'>(δυνάμεως</span> <span class='ocrx_word' id='word_1_186' title='bbox 669 3220 915 3308; x_wconf 75' lang='grc' dir='ltr'><strong><em>ἐπιμελεῖσθαι)</em></strong></span> <span class='ocrx_word' id='word_1_187' title='bbox 932 3233 966 3290; x_wconf 88' lang='lat' dir='ltr'><strong>et</strong></span> <span class='ocrx_word' id='word_1_188' title='bbox 983 3225 1124 3290; x_wconf 91' lang='lat' dir='ltr'><strong>Diodori</strong></span> <span class='ocrx_word' id='word_1_189' title='bbox 1139 3226 1308 3290; x_wconf 86' lang='lat' dir='ltr'><strong>Meniscus</strong></span> 
     </span>
    </p>
   </div>
   <div class='ocr_carea' id='block_1_4' title="bbox 134 3454 1308 3792">
    <p class='ocr_par' dir='ltr' id='par_1_5' title="bbox 242 3454 850 3524">
     <span class='ocr_line' id='line_1_27' title="bbox 242 3454 850 3524; baseline 0.002 -15"><span class='ocrx_word' id='word_1_190' title='bbox 242 3454 270 3524; x_wconf 89' lang='lat'><strong>1)</strong></span> <span class='ocrx_word' id='word_1_191' title='bbox 289 3455 376 3510; x_wconf 84' lang='lat' dir='ltr'><strong>Strab.</strong></span> <span class='ocrx_word' id='word_1_192' title='bbox 396 3455 450 3508; x_wconf 90' lang='lat' dir='ltr'><strong>VII</strong></span> <span class='ocrx_word' id='word_1_193' title='bbox 468 3456 530 3509; x_wconf 85' lang='grc'><strong>310.</strong></span> <span class='ocrx_word' id='word_1_194' title='bbox 549 3454 622 3508; x_wconf 85' lang='lat' dir='ltr'><strong>Plut.</strong></span> <span class='ocrx_word' id='word_1_195' title='bbox 642 3455 704 3510; x_wconf 86' lang='lat' dir='ltr'><strong>adv.</strong></span> <span class='ocrx_word' id='word_1_196' title='bbox 724 3455 805 3510; x_wconf 86' lang='lat' dir='ltr'><strong>Stoio.</strong></span> <span class='ocrx_word' id='word_1_197' title='bbox 825 3460 850 3510; x_wconf 86' lang='grc'><strong>7.</strong></span> 
     </span>
    </p>

    <p class='ocr_par' dir='ltr' id='par_1_6' title="bbox 241 3541 1251 3614">
     <span class='ocr_line' id='line_1_28' title="bbox 241 3541 1251 3614; baseline 0.003 -17"><span class='ocrx_word' id='word_1_198' title='bbox 241 3545 268 3602; x_wconf 85' lang='grc'><strong>2)</strong></span> <span class='ocrx_word' id='word_1_199' title='bbox 285 3543 378 3612; x_wconf 71' lang='lat' dir='ltr'><strong>chrys</strong></span> <span class='ocrx_word' id='word_1_200' title='bbox 398 3561 440 3612; x_wconf 86' lang='lat' dir='ltr'><strong>ap.</strong></span> <span class='ocrx_word' id='word_1_201' title='bbox 460 3544 548 3598; x_wconf 82' lang='lat' dir='ltr'><strong>Strab.</strong></span> <span class='ocrx_word' id='word_1_202' title='bbox 568 3545 622 3599; x_wconf 88' lang='lat' dir='ltr'><strong>VH</strong></span> <span class='ocrx_word' id='word_1_203' title='bbox 641 3546 701 3600; x_wconf 88' lang='grc'><strong>301.</strong></span> <span class='ocrx_word' id='word_1_204' title='bbox 722 3544 796 3613; x_wconf 85' lang='lat' dir='ltr'><strong>Poly.</strong></span> <span class='ocrx_word' id='word_1_205' title='bbox 816 3546 870 3599; x_wconf 91' lang='lat' dir='ltr'><strong>VII</strong></span> <span class='ocrx_word' id='word_1_206' title='bbox 889 3549 923 3600; x_wconf 83' lang='grc'><strong>37</strong></span> <span class='ocrx_word' id='word_1_207' title='bbox 943 3541 1058 3614; x_wconf 78' lang='lat' dir='ltr'><strong>saepius.</strong></span> <span class='ocrx_word' id='word_1_208' title='bbox 1078 3545 1138 3599; x_wconf 82' lang='lat' dir='ltr'><strong>Lat.</strong></span> <span class='ocrx_word' id='word_1_209' title='bbox 1158 3545 1172 3598; x_wconf 96' lang='grc' dir='ltr'>Ι</span> <span class='ocrx_word' id='word_1_210' title='bbox 1193 3545 1251 3600; x_wconf 82' lang='grc'><strong>184.</strong></span> 
     </span>
    </p>

    <p class='ocr_par' dir='ltr' id='par_1_7' title="bbox 134 3632 1308 3792">
     <span class='ocr_line' id='line_1_29' title="bbox 241 3632 1308 3702; baseline 0 -14"><span class='ocrx_word' id='word_1_211' title='bbox 241 3637 269 3698; x_wconf 94' lang='grc'><strong>3)</strong></span> <span class='ocrx_word' id='word_1_212' title='bbox 289 3634 386 3688; x_wconf 79' lang='lat' dir='ltr'><strong>Aeach.</strong></span> <span class='ocrx_word' id='word_1_213' title='bbox 406 3633 434 3686; x_wconf 92' lang='lat' dir='ltr'><strong>in</strong></span> <span class='ocrx_word' id='word_1_214' title='bbox 453 3632 525 3687; x_wconf 82' lang='lat' dir='ltr'><strong>Otea.</strong></span> <span class='ocrx_word' id='word_1_215' title='bbox 546 3635 606 3688; x_wconf 86' lang='grc'><strong>171.</strong></span> <span class='ocrx_word' id='word_1_216' title='bbox 631 3633 693 3689; x_wconf 86' lang='lat' dir='ltr'><strong>Diu.</strong></span> <span class='ocrx_word' id='word_1_217' title='bbox 713 3649 735 3688; x_wconf 89' lang='lat' dir='ltr'><strong>c.</strong></span> <span class='ocrx_word' id='word_1_218' title='bbox 756 3635 830 3689; x_wconf 88' lang='lat' dir='ltr'><strong>Dem.</strong></span> <span class='ocrx_word' id='word_1_219' title='bbox 850 3635 894 3688; x_wconf 81' lang='lat'><strong>43.</strong></span> <span class='ocrx_word' id='word_1_220' title='bbox 922 3635 1049 3702; x_wconf 85' lang='lat' dir='ltr'><strong>Polyaeu.</strong></span> <span class='ocrx_word' id='word_1_221' title='bbox 1062 3633 1131 3688; x_wconf 86' lang='lat' dir='ltr'>VIII</span> <span class='ocrx_word' id='word_1_222' title='bbox 1149 3635 1191 3689; x_wconf 78' lang='lat'><strong>55.</strong></span> <span class='ocrx_word' id='word_1_223' title='bbox 1220 3632 1308 3689; x_wconf 85' lang='lat' dir='ltr'><strong>Strab.</strong></span> 
     </span>
     <span class='ocr_line' id='line_1_30' title="bbox 134 3721 394 3792; baseline 0 -16"><span class='ocrx_word' id='word_1_224' title='bbox 134 3721 188 3776; x_wconf 90' lang='lat' dir='ltr'><strong>VII</strong></span> <span class='ocrx_word' id='word_1_225' title='bbox 207 3725 260 3776; x_wconf 88' lang='grc'><strong>310</strong></span> <span class='ocrx_word' id='word_1_226' title='bbox 279 3722 394 3792; x_wconf 80' lang='lat' dir='ltr'><strong>saepius.</strong></span> 
     </span>
    </p>
   </div>
   <div class='ocr_carea' id='block_1_5' title="bbox 240 3812 1208 4509">
    <p class='ocr_par' dir='ltr' id='par_1_8' title="bbox 240 3812 515 3878">
     <span class='ocr_line' id='line_1_31' title="bbox 240 3812 515 3878; baseline 0 -12"><span class='ocrx_word' id='word_1_227' title='bbox 240 3813 269 3878; x_wconf 81' lang='grc'><strong>4)</strong></span> <span class='ocrx_word' id='word_1_228' title='bbox 289 3812 376 3868; x_wconf 82' lang='lat' dir='ltr'><strong>Strab.</strong></span> <span class='ocrx_word' id='word_1_229' title='bbox 396 3813 436 3866; x_wconf 84' lang='lat' dir='ltr'><strong>XI</strong></span> <span class='ocrx_word' id='word_1_230' title='bbox 454 3812 515 3866; x_wconf 83' lang='grc'><strong>495.</strong></span> 
     </span>
    </p>

    <p class='ocr_par' dir='ltr' id='par_1_9' title="bbox 244 3901 533 3966">
     <span class='ocr_line' id='line_1_32' title="bbox 244 3901 533 3966; baseline -0.003 -8"><span class='ocrx_word' id='word_1_231' title='bbox 244 3905 271 3966; x_wconf 80' lang='lat' dir='ltr'><strong>b)</strong></span> <span class='ocrx_word' id='word_1_232' title='bbox 291 3901 380 3957; x_wconf 86' lang='lat' dir='ltr'><strong>Strab.</strong></span> <span class='ocrx_word' id='word_1_233' title='bbox 400 3901 455 3956; x_wconf 90' lang='lat' dir='ltr'><strong>VII</strong></span> <span class='ocrx_word' id='word_1_234' title='bbox 472 3903 533 3957; x_wconf 89' lang='grc'><strong>310.</strong></span> 
     </span>
    </p>

    <p class='ocr_par' dir='ltr' id='par_1_10' title="bbox 241 3991 1208 4146">
     <span class='ocr_line' id='line_1_33' title="bbox 241 3991 1208 4060; baseline 0.001 -16"><span class='ocrx_word' id='word_1_235' title='bbox 241 3992 270 4060; x_wconf 88' lang='grc'><strong>6)</strong></span> <span class='ocrx_word' id='word_1_236' title='bbox 288 3992 378 4046; x_wconf 82' lang='lat' dir='ltr'><strong>Stran.</strong></span> <span class='ocrx_word' id='word_1_237' title='bbox 398 3992 435 4045; x_wconf 72' lang='grc' dir='ltr'><strong>Χῖ</strong></span> <span class='ocrx_word' id='word_1_238' title='bbox 454 3991 508 4046; x_wconf 84' lang='grc'><strong>494</strong></span> <span class='ocrx_word' id='word_1_239' title='bbox 526 3991 560 4047; x_wconf 84' lang='lat' dir='ltr'><strong>cf.</strong></span> <span class='ocrx_word' id='word_1_240' title='bbox 581 3993 686 4060; x_wconf 82' lang='lat' dir='ltr'><strong>Appian</strong></span> <span class='ocrx_word' id='word_1_241' title='bbox 705 3992 797 4047; x_wconf 86' lang='lat' dir='ltr'><strong>Mithr.</strong></span> <span class='ocrx_word' id='word_1_242' title='bbox 819 3994 870 4047; x_wconf 79' lang='grc'><strong>109</strong></span> <span class='ocrx_word' id='word_1_243' title='bbox 890 4025 922 4032; x_wconf 99' lang='grc'>-</span> <span class='ocrx_word' id='word_1_244' title='bbox 942 3992 1041 4048; x_wconf 78' lang='lat' dir='ltr'><strong>Athen.</strong></span> <span class='ocrx_word' id='word_1_245' title='bbox 1060 3992 1130 4045; x_wconf 87' lang='lat' dir='ltr'>XIII</span> <span class='ocrx_word' id='word_1_246' title='bbox 1148 3992 1208 4046; x_wconf 73' lang='grc'><strong>370.</strong></span> 
     </span>
     <span class='ocr_line' id='line_1_34' title="bbox 242 4080 490 4146; baseline 0.004 -12"><span class='ocrx_word' id='word_1_247' title='bbox 242 4082 270 4146; x_wconf 83' lang='grc'><strong>7)</strong></span> <span class='ocrx_word' id='word_1_248' title='bbox 290 4080 359 4134; x_wconf 86' lang='lat' dir='ltr'><strong>Diod</strong></span> <span class='ocrx_word' id='word_1_249' title='bbox 378 4081 428 4134; x_wconf 87' lang='lat' dir='ltr'><strong>XX</strong></span> <span class='ocrx_word' id='word_1_250' title='bbox 447 4080 490 4136; x_wconf 81' lang='grc'><strong>29.</strong></span> 
     </span>
    </p>

    <p class='ocr_par' dir='ltr' id='par_1_11' title="bbox 242 4169 468 4238">
     <span class='ocr_line' id='line_1_35' title="bbox 242 4169 468 4238; baseline 0 -14"><span class='ocrx_word' id='word_1_251' title='bbox 242 4173 268 4236; x_wconf 87' lang='grc'><strong>8)</strong></span> <span class='ocrx_word' id='word_1_252' title='bbox 287 4169 352 4238; x_wconf 82' lang='lat' dir='ltr'><strong>Syll.</strong></span> <span class='ocrx_word' id='word_1_253' title='bbox 371 4170 406 4223; x_wconf 85' lang='lat' dir='ltr'><strong>ad</strong></span> <span class='ocrx_word' id='word_1_254' title='bbox 425 4171 468 4224; x_wconf 88' lang='grc'><strong>99.</strong></span> 
     </span>
    </p>

    <p class='ocr_par' dir='ltr' id='par_1_12' title="bbox 242 4259 434 4328">
     <span class='ocr_line' id='line_1_36' title="bbox 242 4259 434 4328; baseline 0.005 -15"><span class='ocrx_word' id='word_1_255' title='bbox 242 4260 271 4328; x_wconf 90' lang='grc'><strong>9)</strong></span> <span class='ocrx_word' id='word_1_256' title='bbox 289 4259 354 4328; x_wconf 83' lang='lat' dir='ltr'><strong>Syll.</strong></span> <span class='ocrx_word' id='word_1_257' title='bbox 377 4263 434 4314; x_wconf 94' lang='grc'><strong>101.</strong></span> 
     </span>
    </p>

    <p class='ocr_par' dir='ltr' id='par_1_13' title="bbox 244 4349 449 4414">
     <span class='ocr_line' id='line_1_37' title="bbox 244 4349 449 4414; baseline 0.01 -12"><span class='ocrx_word' id='word_1_258' title='bbox 244 4350 288 4414; x_wconf 95' lang='grc'><strong>10)</strong></span> <span class='ocrx_word' id='word_1_259' title='bbox 309 4349 368 4404; x_wconf 80' lang='lat' dir='ltr'><strong>Lat.</strong></span> <span class='ocrx_word' id='word_1_260' title='bbox 388 4350 449 4404; x_wconf 78' lang='grc'><strong>996.</strong></span> 
     </span>
    </p>

    <p class='ocr_par' dir='ltr' id='par_1_14' title="bbox 246 4439 551 4509">
     <span class='ocr_line' id='line_1_38' title="bbox 246 4439 551 4509; baseline 0.007 -17"><span class='ocrx_word' id='word_1_261' title='bbox 246 4439 292 4505; x_wconf 93' lang='grc'><strong>11)</strong></span> <span class='ocrx_word' id='word_1_262' title='bbox 310 4439 415 4508; x_wconf 78' lang='lat' dir='ltr'><strong>Trapez</strong></span> <span class='ocrx_word' id='word_1_263' title='bbox 433 4439 449 4509; x_wconf 68' lang='grc' dir='ltr'><strong>ἕ</strong></span> <span class='ocrx_word' id='word_1_264' title='bbox 468 4441 551 4508; x_wconf 74' lang='lat' dir='ltr'><strong>seqq.</strong></span> 
     </span>
    </p>
   </div>
   <div class='ocr_carea' id='block_1_6' title="bbox 0 0 1592 5080">
    <p class='ocr_par' dir='ltr' id='par_1_15' title="bbox 0 0 1592 5080">
     <span class='ocr_line' id='line_1_39' title="bbox 0 0 1592 5080; baseline 0 0"><span class='ocrx_word' id='word_1_265' title='bbox 0 0 1592 5080; x_wconf 95' lang='lat' dir='ltr'><strong> </strong></span> 
     </span>
    </p>
   </div>
  </div>
 </body>
</html>
