3156 5080
770 449 994 516 ..qg..

294 642 381 722 quod
416 652 509 710 certe
545 643 721 728 fecissent,
757 647 786 710 si
821 647 874 712 ius
910 649 995 713 illud
1021 649 1220 714 hereditate
1250 649 1346 728 quasi
1377 669 1474 716 acce-

295 759 462 906 plssenSted
493 849 570 906 ante
596 841 867 920 Spartooidarum
898 851 1032 924 gentem
1063 844 1098 908 in
1126 846 1278 924 Bosporo
1310 865 1473 914 summam

295 965 406 1012 rerum
431 950 591 1014 tenebant
607 948 905 1014 Archeonactidae.
954 949 1044 1032 Quos
1061 951 1277 1035 Diodorus1),
1302 955 1359 1032 qui
1385 975 1472 1020 unns
1564 937 1565 988 ³

294 1073 407 1119 eorum
437 1057 638 1120 mentionem
662 1054 757 1138 facit,
781 1051 1033 1135 βασιλεύσαντας
1056 1067 1169 1140 vocat,
1194 1067 1395 1126 tamennon
1420 1071 1475 1128 est

296 1161 442 1243 dubium,
468 1163 546 1241 quin
572 1164 767 1227 archontum
792 1165 924 1228 nomine
949 1164 1155 1246 audiverint,
1181 1166 1267 1244 quod
1292 1175 1411 1246 postea
1437 1170 1472 1232 in

297 1267 514 1346 Spartocidas
545 1270 733 1334 transierit.
783 1268 874 1351 Quae
909 1271 948 1335 de
978 1289 1090 1336 eorunm
1124 1273 1255 1350 origine
1284 1275 1352 1338 viri
1378 1274 1472 1340 docti

296 1375 513 1458 coniecerint,
538 1375 615 1441 vide
640 1374 726 1454 apud
751 1377 958 1441 Boeckhium
984 1385 1018 1442 et
1034 1378 1306 1459 Latyschevium.

398 1481 526 1564 eribus
550 1482 829 1548 Archeanactidis
854 1503 938 1548 anno
963 1489 1028 1548 438
1046 1485 1243 1562 Spartocum
1268 1487 1302 1550 in
1326 1487 1471 1566 imperio

296 1591 500 1654 successisse
531 1589 700 1654 Diodorus
742 1589 817 1654 loco
859 1589 992 1656 laudato
1030 1591 1146 1657 tradit.
1204 1593 1306 1659 Cuius
1339 1593 1471 1660 familia

295 1715 368 1761 cum
391 1697 431 1762 ad
456 1698 601 1776 Bospori
624 1715 680 1760 res
705 1697 875 1778 augendas
900 1699 1077 1776 plurimum
1103 1701 1302 1782 contulerit,
1334 1703 1471 1767 institui

293 1822 349 1868 res
374 1806 446 1870 eius
470 1806 594 1870 aetatis
618 1805 752 1884 planius
777 1823 955 1883 exponere.
1183 1881 1185 1886 ,

397 1913 544 1977 Primum
588 1913 681 1976 illius
724 1911 873 1976 tamillae
916 1930 1030 1992 regem
1066 1913 1236 1979 Diodorus
1272 1915 1470 1993 Spartacum

295 2027 404 2086 vocat.
445 2019 509 2084 Sed
526 2019 741 2084 dubitandum
757 2038 823 2083 non
841 2027 902 2102 est,
928 2021 1008 2098 quin
1025 2020 1207 2098 Spartocus
1223 2039 1304 2086 vera
1326 2023 1474 2088 nominis

293 2124 400 2190 forma
432 2124 536 2189 fuerit
559 2127 704 2190 testibus
728 2126 840 2190 titulis
865 2134 900 2190 et
930 2127 1081 2191 nummis
1129 2127 1225 2192 Quod
1248 2146 1367 2192 nomen
1396 2147 1472 2194 cum

293 2252 359 2296 non
384 2233 534 2298 Graecae
559 2233 688 2310 orginis
713 2250 787 2297 esse
811 2232 982 2315 videatur,
1014 2235 1152 2298 Boeckh
1176 2235 1301 2316 aliique
1326 2237 1473 2300 Thraci·
1564 2255 1565 2266 ¹

294 2359 367 2405 cum
403 2357 476 2404 esse
509 2335 708 2420 statuunt2).
756 2339 825 2404 Nec
857 2358 923 2404 non
954 2341 1021 2411 alia
1045 2341 1139 2406 illius
1164 2341 1312 2420 familiae
1336 2345 1474 2408 nomina

293 2448 436 2512 barbara
453 2454 540 2528 sunt,
565 2455 603 2512 nt
619 2446 821 2528 Paerisadis,
848 2448 1078 2530 Comosaryes,
1103 2449 1247 2532 Seleuci,
1272 2469 1472 2529 quamquam

294 2555 357 2618 hoc
388 2554 638 2619 Macedonicum
677 2553 753 2618 iude
792 2555 833 2619 ab
870 2555 1057 2620 Alexandri
1096 2563 1207 2620 aetate
1240 2556 1326 2635 apud
1359 2576 1473 2622 meros

295 2660 445 2726 Graecos
469 2661 777 2740 frequentissimum
802 2669 864 2743 est,
889 2663 1064 2742 vulgatum
1089 2681 1108 2726 a
1131 2664 1270 2740 regibus
1295 2663 1473 2728 diadochis

294 2789 332 2834 eo
371 2771 504 2833 nomine
543 2767 718 2847 praeditis
774 2769 927 2833 Barbara
964 2777 1075 2834 autem
1107 2770 1241 2834 nomina
1273 2789 1473 2848 quamquam

293 2879 327 2941 in
351 2877 422 2950 illis
446 2876 642 2956 regionibus
667 2876 756 2939 sicut
780 2877 814 2938 in
838 2876 917 2939 aliis
942 2875 1083 2940 Graecis
1108 2894 1239 2954 quoque
1264 2875 1371 2940 indita
1395 2895 1473 2941 esse

294 2992 408 3049 notum
433 2990 499 3065 est,
524 2991 635 3048 tamen
658 2983 724 3046 iam
748 2983 886 3060 antiqua
910 2983 971 3046 illa
995 2990 1106 3047 aetate
1131 2990 1199 3047 tam
1223 2981 1414 3062 frequentia
1434 2983 1475 3048 in

292 3092 354 3156 illa
378 3099 479 3171 gente
503 3089 609 3154 fuisse
633 3090 707 3154 inre
732 3089 937 3154 mirabimur.
984 3091 1091 3154 Porro
1116 3107 1301 3154 memorare
1323 3089 1473 3155 fortasse

293 3217 415 3277 operae
440 3206 492 3263 est
517 3198 673 3278 pretium,
699 3196 833 3274 saepius
857 3196 945 3260 filios
969 3197 1130 3260 maximos
1153 3205 1236 3262 natu
1260 3195 1472 3276 heredesque

292 3307 427 3384 imperii
450 3305 604 3370 barbaris
627 3303 817 3367 nominibus
841 3303 1022 3386 audivisse,
1048 3303 1189 3370 Graecis
1206 3304 1294 3368 lilios
1311 3305 1471 3370 minores.

292 3414 412 3479 Nescio
444 3411 562 3477 deinde
594 3430 636 3474 an
668 3409 797 3488 aliquid
830 3411 925 3488 pensi
955 3412 1092 3492 habeat,
1125 3411 1212 3490 quod
1235 3429 1297 3476 rex
1322 3412 1470 3490 Bospori

292 3523 440 3601 priscus,
478 3519 572 3582 ouius
604 3517 768 3597 imagines
800 3518 835 3581 in
865 3519 993 3582 tumulo
1026 3517 1166 3597 quodam
1197 3519 1349 3584 revelato
1382 3536 1470 3582 com-

292 3629 406 3706 plures
428 3634 505 3691 snnt
520 3632 687 3707 repertae,
713 3643 843 3702 semper
858 3644 939 3690 naso
957 3624 1131 3690 admodum
1148 3626 1276 3690 adunco
1293 3624 1470 3704 praeditus

292 3734 389 3799 fictus
413 3731 512 3817 estl),
536 3731 571 3796 id
595 3731 683 3810 quod
700 3730 863 3796 Graecam
888 3733 1053 3812 originem
1079 3731 1260 3802 dissuadet.
1308 3732 1377 3796 Nec
1401 3750 1469 3795 non

293 3841 472 3921 Chrysippi
496 3839 725 3904 testimonium
749 3836 903 3902 adferens
936 3836 1091 3921 Strobos)
1123 3839 1327 3920 Leuconem,
1367 3857 1467 3903 unum

398 3999 427 4152 {i
444 3997 595 4141 ξὲΙΡὸαξαοῑ
622 4085 639 4138 l.
659 4083 677 4138 l.
696 4100 722 4152 p.
744 4083 779 4138 33
793 4099 850 4151 sqq.
876 4113 910 4124 -
934 4083 1061 4152 Schdfer,
1087 4084 1284 4138 Demosthenes
1309 4084 1365 4137 und
1392 4085 1468 4139 scine

291 4176 457 4232 ZeitIIed.
476 4175 570 4230 1268.

398 4269 426 4330 3)
445 4265 586 4320 Neumann
613 4263 631 4318 l.
660 4263 678 4318 l.
708 4265 760 4317 513
776 4278 833 4330 sqq.
880 4261 1037 4330 Antiquites
1071 4262 1107 4316 du
1142 4263 1279 4330 Bosphoro
1307 4260 1466 4316 Cimmerion

290 4356 327 4425 pl.
346 4356 449 4410 XXIII.

399 4447 428 4512 4)
447 4444 502 4499 VII
520 4446 581 4500 301.

1563 2949 1565 3060 l

1563 3319 1565 3454 l
