3156 5080
767 417 988 486 -54..

290 605 457 698 ἐκκλησίας
488 617 523 680 iu
546 617 699 695 Bosporo
723 615 839 682 fuisse.
885 617 992 682 Nimis
1020 626 1131 683 autem
1155 620 1358 684 temerarius
1382 619 1463 684 mihi

290 722 424 808 Niesc1)
448 723 584 790 videtur
607 722 723 788 luisse.
770 725 916 790 Primnm
941 727 1028 790 enim
1051 725 1205 790 adfirmat
1225 729 1360 804 saepius
1377 727 1464 790 fflios

289 851 407 912 regum
439 851 504 896 una
534 833 747 912 regnavisse,
779 849 821 896 cx
852 850 916 910 qua
939 850 977 896 rc
1001 832 1201 897 succedendi
1220 834 1320 913 'leges
1345 834 1463 897 dubiae

290 941 487 1008 exstiterint
509 941 668 1018 rixasque
693 939 942 1004 commoverint.
990 940 1076 1004 Sana
1100 939 1232 1022 quidem
1257 960 1323 1004 uua
1345 959 1464 1020 regna·

291 1055 414 1112 verunt
438 1048 621 1125 Spartocns
646 1044 727 1128 (ΙΙΙ)
759 1054 793 1110 et
816 1046 1015 1110 Parrisades
1038 1046 1073 1127 I,
1098 1046 1156 1111 sed
1180 1047 1289 1112 diviso
1314 1049 1404 1112 inter
1428 1066 1464 1111 se
1566 1123 1567 1136 χ

289 1173 407 1235 reguo,
431 1153 554 1232 idqnod
577 1153 672 1218 tituli
708 1143 861 1230 probant.
908 1154 1040 1217 Bellum
1064 1162 1174 1218 autem
1193 1155 1325 1218 Eumeli
1349 1173 1465 1232 super·
1565 1137 1567 1200 l

290 1262 346 1325 bia
371 1261 444 1324 eins
468 1267 620 1324 exortum
645 1268 714 1340 est,
738 1278 803 1324 uon
828 1259 1049 1339 ambiguitate
1074 1261 1162 1338 legis
1186 1261 1397 1325 succedendi.
1423 1297 1464 1306 -—

290 1367 419 1432 Deinde
460 1368 646 1432 sententias
684 1367 837 1447 illorum,
878 1367 934 1444 qui
970 1367 1167 1432 archontum
1202 1369 1334 1432 nominc
1365 1369 1466 1431 nimis
1566 1413 1567 1456 ,

291 1475 511 1553 deducuntur,
544 1491 687 1552 sequens
711 1474 811 1538 Niese
836 1472 964 1538 iudicat
988 1475 1022 1536 in
1047 1473 1188 1538 Graecis
1212 1475 1356 1552 Bospori
1382 1475 1466 1539 civi-

289 1583 418 1646 tatibus
454 1581 558 1659 „haba
590 1581 663 1644 sich
694 1580 752 1644 das
781 1581 850 1644 alte
874 1581 1088 1659 griechisohe
1113 1580 1388 1660 Stadtkdnigtum
1413 1601 1466 1646 er-

290 1689 437 1757 halten“.
491 1691 537 1753 At
568 1707 632 1766 quo
661 1695 811 1765 tempore
843 1688 995 1751 coloniae
1027 1688 1107 1751 illae
1135 1689 1277 1752 Jonicac
1309 1687 1466 1753 conditae

289 1804 378 1876 sunt,
402 1797 436 1860 in
460 1795 583 1860 donum
608 1793 805 1859 civitatibus
829 1795 894 1858 iam
919 1793 1038 1858 dudum
1060 1813 1160 1875 reges
1177 1795 1281 1872 prisci
1298 1796 1467 1873 imperare
1566 1795 1567 1816 ¹

291 1903 462 1967 desierant
492 1910 592 1981 atque
634 1902 872 1972 aristocratiae
908 1903 1126 1966 exsistebant.
1184 1901 1278 1968 Unde
1314 1902 1348 1965 in
1384 1903 1468 1966 Bos·

291 2010 428 2088 poranis
458 2010 600 2074 coloniis
629 2009 681 2072 illi
708 2007 973 2088 ,Sadtkonigm
999 2007 1232 2073 emerserunt?
1256 2009 1340 2072 Num
1366 2028 1466 2072 unum
1566 2007 1567 2034 ³

290 2124 521 2196 argumentum
561 2123 673 2180 exstat
704 2115 760 2178 vel
798 2113 994 2179 minimum?
1029 2115 1141 2179 Etiam
1177 2115 1467 2180 Archeanactidas

290 2224 475 2288 verisimile
510 2230 563 2286 est
594 2205 836 2300 oligarohicum
870 2222 1044 2299 imperium
1074 2223 1224 2286 tenuisse
1253 2222 1367 2286 eodem
1393 2221 1468 2286 fere
1566 2255 1567 2302 ι

290 2329 404 2412 modo,
440 2348 505 2408 quo
529 2327 737 2401 Bacchiadas
768 2324 942 2409 aliique2).
977 2363 1008 2371 —
1049 2328 1117 2392 Iam
1150 2345 1231 2394 vero
1264 2337 1391 2407 restat,
1427 2338 1469 2394 ut
1566 2333 1567 2400 ζ

290 2437 591 2502 denominationem
626 2435 718 2500 illam
754 2435 930 2520 titulorum
967 2453 1046 2499 sane
1077 2435 1343 2515 memorabilem,
1380 2454 1467 2514 quae
1566 2439 1567 2444 ’

288 2553 341 2610 tot
365 2561 500 2608 errores
524 2543 737 2622 excitaverit,
764 2543 1035 2620 interpretemur.
1084 2540 1178 2622 Quod
1203 2543 1290 2606 onim
1314 2543 1467 2624 Boeckh‚
1566 2577 1567 2580 =

289 2652 481 2732 Latyschev
512 2651 708 2714 existimant
743 2649 911 2729 ,invidiae
943 2649 1142 2714 devitandae
1176 2649 1296 2713 causa“
1327 2649 1467 2728 Sparto-

290 2759 383 2824 cidas
422 2776 482 2836 pro
518 2775 636 2836 regum
672 2757 804 2822 nomina
836 2757 1016 2822 archontes
1047 2774 1082 2820 so
1113 2756 1282 2822 vocandos
1317 2775 1467 2838 curasse,
1566 2779 1567 2782 ¹

290 2865 409 2930 falsum
447 2865 529 2930 mihi
559 2863 705 2928 videtur.
752 2863 885 2928 Etenim
914 2863 1056 2940 primum
1080 2863 1209 2927 invidia
1233 2864 1333 2952 etiam
1357 2863 1468 2926 maior

291 2959 409 3053 tiebat,
441 2972 469 3036 si
503 2989 603 3050 reges
626 2971 845 3040 barbarorum
870 2969 1011 3034 Graecis
1044 2970 1241 3035 civitatibus
1273 2980 1465 3047 praeerant.

292 3077 445 3146 Βασιλεῖς
462 3077 585 3143 Graeci
609 3095 674 3142 non
699 3076 813 3141 eodem
830 3075 926 3142 modo
943 3075 1055 3142 odium
1072 3077 1288 3142 excitassent.
1336 3076 1467 3140 Deinde
1565 3073 1567 3088 '

293 3186 379 3264 apud
405 3185 553 3250 Graecos
587 3201 718 3262 semper
741 3183 878 3250 fuerunt
900 3181 1051 3264 βασιλεῖς.
1099 3182 1184 3246 Vide
1208 3183 1466 3247 Atheniensium

290 3291 440 3375 βασιλέα,
479 3289 704 3372 φιλοβασιλεῖς
721 3291 831 3356 alios.
885 3291 984 3354 Tales
1016 3308 1116 3366 reges
1150 3290 1179 3352 si
1210 3307 1274 3354 non
1306 3307 1465 3353 summam

290 3418 402 3464 rorum
431 3399 683 3479 gubernabant,
718 3397 775 3462 sed
806 3407 899 3464 certa
930 3396 1089 3476 quaedam
1114 3414 1268 3476 munera,
1299 3396 1376 3460 inde
1401 3397 1466 3460 hoc

290 3515 419 3572 tantum
455 3505 625 3584 sequitur,
668 3506 876 3583 temporibus
911 3506 1078 3582 rebusque
1113 3503 1289 3582 paullatim
1324 3505 1465 3568 mutatis

290 3615 437 3692 priscum
460 3612 549 3691 regii
570 3613 716 3677 muneris
734 3614 892 3678 honorem
909 3613 989 3676 item
1006 3619 1168 3678 mutatum
1193 3628 1277 3690 esse,
1303 3617 1338 3674 et
1358 3629 1465 3674 novos
1565 3605 1567 3691 ζ

291 3719 499 3800 gubernandi
529 3717 644 3785 modos
678 3720 774 3786 novis
805 3719 994 3784 nominibus
1023 3717 1209 3796 significari
1233 3717 1354 3781 solitos
1378 3735 1463 3782 esse.

291 3829 341 3894 De
373 3825 500 3892 invidia
532 3833 643 3897 autem
668 3827 799 3889 omnino
823 3845 889 3889 non
913 3825 1127 3904 cogitandum
1151 3832 1213 3905 est,
1239 3824 1362 3902 quippe
1379 3843 1464 3902 quae
1566 3907 1567 3914 ἵ

291 3933 494 4000 aRomanis
525 3933 639 4010 potius
670 3940 802 4010 sumpta
830 3951 903 3997 esse
934 3933 1016 3996 mihi
1050 3931 1215 3997 videatur.
1261 3931 1330 3995 Nec
1354 3949 1465 3995 nona

290 4040 436 4107 Pindaro
479 4039 617 4119 „reges‘
656 4040 793 4104 honoris
830 4057 930 4103 causa
966 4046 1160 4103 cantantur:
1203 4057 1279 4101 num
1315 4038 1463 4102 invidiae

291 4145 490 4214 devitandae
515 4144 637 4210 causa?
662 4139 879 4224 Spartacidae
903 4147 1011 4224 igitur
1035 4154 1072 4210 ut
1095 4164 1114 4208 a
1137 4145 1267 4224 regulis
1283 4144 1462 4209 Maitarum

314 4255 385 4262 -a

400 4304 426 4366 ι)
445 4303 462 4358 1.
482 4303 499 4356 1.
519 4267 581 4358 uin.

398 4393 425 4462 2)
445 4391 478 4446 ci.
499 4393 613 4448 Rueckh.
632 4393 784 4462 Latyschev
802 4393 819 4446 l.
839 4391 856 4446 l.
