3156 5080
756 469 796 480 ...
845 441 887 500 23

279 631 455 697 Sindorum
478 632 571 713 111111,
595 631 741 696 fortasse
762 631 940 696 nonnullos
958 631 1131 695 Asiaticae
1155 631 1300 710 Bospori
1326 632 1455 711 plagas.

279 739 403 804 Contra
427 741 461 803 in
486 740 559 817 ipsa
575 740 726 816 Bosporo
745 738 945 802 hereditatis
963 738 1039 817 lege
1056 756 1181 802 summa
1196 755 1308 802 rerum
1325 739 1456 816 potitus

279 853 331 910 cst
359 845 448 910 filius
472 847 633 910 maximus
650 853 741 910 natu.
766 845 888 909 Leuco.
935 845 1050 923 Neque
1068 845 1169 908 etiam
1187 845 1354 922 suspicari
1372 845 1457 908 licet

278 953 431 1032 reginam
468 953 561 1017 illam
599 952 690 1016 hosti
727 951 859 1017 devicto
892 969 962 1015 rem
995 951 1161 1031 integram
1190 951 1386 1016 restituisse
1417 969 1458 1014 ao

280 1060 466 1137 Bosporum
489 1058 731 1138 Sindornmque
754 1057 835 1122 fines
860 1059 921 1122 suh
946 1058 1018 1121 eius
1036 1058 1134 1122 unius
1150 1076 1248 1122 manu
1266 1058 1458 1122 consociari

285 1167 416 1232 sivisse.
475 1165 569 1230 Adde
606 1165 760 1246 oppidum
785 1164 1012 1246 Gorgippiae,
1072 1183 1155 1244 quae
1187 1165 1284 1244 regia
1319 1165 1386 1228 fuit
1421 1167 1457 1228 in

279 1273 409 1354 Sindis,
449 1291 663 1352 nummosque
689 1272 983 1350 Gorgippensium.
1023 1273 1161 1336 Boeokh
1200 1281 1310 1336 autem
1347 1273 1460 1336 omnia

279 1382 350 1462 ille,
375 1399 460 1460 quac
477 1381 668 1460 Polyaenus
691 1387 818 1461 narrat,
843 1398 908 1443 non
933 1379 974 1443 ad
991 1379 1147 1459 Satyrum
1172 1379 1293 1458 dequo
1312 1378 1459 1443 diximus

281 1489 454 1565 pertinere
489 1494 584 1551 ratus
620 1494 687 1567 111,
723 1487 865 1550 maxime
899 1493 1080 1564 propterea
1114 1485 1201 1564 quod
1235 1505 1254 1549 1
1282 1485 1459 1550 Dinarcho

282 1595 477 1672 Gorgippus
524 1593 637 1657 eodem
684 1592 779 1656 modo
820 1603 884 1671 quo
924 1591 1123 1656 Paerisades
1163 1593 1327 1671 huiusque
1366 1592 1459 1656 filius

279 1703 420 1781 Satyrus
445 1695 480 1761 ἐκ
504 1701 564 1762 τοῦ
588 1694 719 1761 Πόντου
742 1693 901 1781 τύραννος
918 1698 1087 1784 dicitur1).
1135 1701 1240 1779 Atqui
1256 1699 1460 1764 Paerisades

279 1809 433 1887 filiusque
481 1809 580 1872 etiam
628 1808 791 1872 Dinarchi
837 1815 949 1872 aetate
1005 1808 1185 1873 vivebant:
1246 1807 1459 1886 Gorgippum

280 1933 410 1995 quoque
449 1923 518 1980 tum
554 1916 667 1980 vivum
707 1913 812 1978 fuisse
846 1915 984 1980 Boeokh
1024 1915 1174 1994 collegit.
1232 1915 1325 1994 Ergo
1361 1915 1459 1978 illius

282 2023 396 2102 Satyri
420 2021 524 2085 filium
550 2021 757 2100 Gorgippum
781 2021 986 2086 1011111111.
1033 2024 1080 2086 At
1103 2022 1237 2086 minime
1254 2021 1288 2085 id
1304 2028 1458 2086 statuere

280 2130 440 2204 cogimur.
503 2127 694 2192 Dinarchus
741 2129 827 2191 enim
867 2129 1103 2192 Demosthenis
1149 2129 1381 2208 integritatem
1421 2129 1458 2192 in

1555 551 1557 624 1

280 2236 502 2313 suspicionem
534 2252 657 2298 vocare
688 2234 802 2298 studet
829 2235 930 2299 rebus
956 2235 1070 2299 odiose
1095 2236 1300 2313 compositis.
1347 2235 1458 2299 Erant
1556 2243 1557 2248 ’

283 2349 392 2406 autem
410 2341 634 2406 Demosthene
652 2340 814 2406 suadente
831 2348 962 2406 statuae
980 2343 1250 2420 Bosporanorum
1266 2343 1457 2421 principum

280 2450 314 2513 in
337 2448 411 2512 1010
445 2449 576 2527 positae
606 2467 668 2513 uec
691 2449 799 2513 minus
824 2466 865 2512 ex
889 2449 1040 2527 Bosporo
1065 2449 1290 2514 Demosthene
1315 2457 1456 2513 curante

278 2556 446 2620 frumenta
479 2557 753 2634 apportabantur.
806 2555 870 2620 Sed
903 2557 1002 2620 nimis
1034 2563 1229 2634 premuntur
1261 2557 1364 2621 verba
1395 2556 1455 2619 Di·

278 2664 415 2744 marchi,
461 2664 491 2726 11
534 2664 637 2728 verba
681 2683 753 2741 παρ
804 2644 848 2722 ὧν
884 2669 990 2742 aequa
1025 2665 1158 2728 ratione
1193 2663 1233 2727 ad
1269 2670 1340 2728 1111
1375 2663 1455 2726 11101

278 2772 448 2849 principes
467 2777 603 2835 cunctos
619 2771 810 2851 trahuntur,
829 2771 1093 2850 quandoquidem
1110 2789 1151 2834 ne
1168 2761 1308 2850 Satyrus
1322 2769 1455 2849 quidem

281 2879 334 2942 sui
367 2879 451 2942 iuris
482 2885 556 2942 1111
579 2895 687 2956 neque
712 2878 780 2941 1111
805 2877 845 2942 de
870 2897 971 2942 causa
994 2879 1222 2943 honorabatur
1246 2897 1342 2957 quam
1367 2877 1455 2956 quod

285 2985 434 3049 familiae
475 2985 620 3050 vinculis
657 3003 730 3048 cum
765 2984 946 3048 Paerisade
981 3003 1063 3063 rege
1099 2985 1206 3049 artius
1243 2986 1454 3050 cohaerebat.

282 3092 435 3156 Ceterum
468 3090 508 3155 de
542 3091 708 3156 calumnia
732 3091 793 3154 illa
817 3090 990 3173 conferas,
1028 3110 1112 3170 quae
1145 3091 1285 3157 Schttfer
1319 3093 1455 3158 dixerit.

281 3199 375 3264 Adde
413 3199 500 3278 quod
529 3199 630 3264 titulo
664 3199 739 3263 Lat.
766 3203 828 3262 346
863 3199 898 3264 iu
928 3199 1120 3264 honorando
1152 3200 1334 3264 Paerisade
1367 3199 1455 3264 idem

282 3306 475 3384 Gorgippus
499 3306 690 3370 nominatur
714 3313 751 3369 ut
767 3313 865 3383 pater
883 3306 1112 3387 uomosaryos,
1137 3325 1233 3370 socer
1249 3307 1454 3372 Paerisadis

281 3413 399 3491 ltaque
432 3432 498 3476 non
532 3420 601 3492 111,
635 3431 694 3476 our
719 3411 917 3495 dubitemus,
950 3415 1030 3492 quin
1054 3415 1109 3478 hio
1133 3413 1326 3492 Gorgippus
1351 3413 1457 3479 fuerit

283 3521 342 3584 illc
367 3521 481 3600 Satyri
502 3519 602 3600 filine,
626 3520 793 3584 Lentonis
817 3519 935 3602 frater,
959 3520 1151 3584 Paerisadis
1176 3529 1326 3599 patruus.
1374 3522 1456 3585 Dio-

282 3627 383 3691 dorus
438 3635 548 3691 autem
593 3627 680 3706 quod
722 3627 809 3691 nihil
852 3627 892 3690 de
924 3627 1097 3707 Gorgippo
1140 3629 1341 3709 narraverit,
1389 3648 1457 3692 non

280 3741 333 3799 est
367 3735 485 3797 mirum
536 3742 675 3812 propter
719 3735 906 3799 exilitatem
943 3753 1070 3815 eorum,
1122 3753 1206 3814 quae
1253 3734 1292 3800 de
1337 3753 1456 3813 regum

282 3840 398 3904 ordine
437 3840 588 3921 tradidit,
627 3842 828 3918 praesertim
868 3861 940 3906 cum
981 3841 1174 3920 Gorgippus
1214 3861 1254 3906 ex
1290 3843 1456 3907 lateribus

282 3949 551 4024 Bosporanorum
584 3966 702 4027 regum
735 3955 897 4028 cognatus
929 3947 1034 4012 fuerit
1058 3955 1092 4012 et
1115 3967 1239 4026 paucos
1264 3949 1370 4013 solum
1394 3967 1457 4027 per

282 4072 385 4118 annos
401 4056 598 4134 regnavisse
614 4054 779 4120 videatur.
812 4055 882 4120 Iam
899 4056 956 4120 ubi
973 4055 1115 4134 primum
1131 4056 1225 4120 tituli
1243 4057 1455 4137 adhibentur,

282 4181 493 4192 ...———..--

389 4248 458 4317 1)1
477 4249 554 4303 Dem.
573 4247 649 4318 543:
675 4255 775 4323 προῖκα
795 4248 1003 4304 Demosthenem
1030 4265 1084 4302 non
1110 4263 1217 4302 curasse
1235 4250 1265 4304 τὸ
1285 4246 1437 4321 χαλκός’
1423 4267 1454 4302 εν

283 4328 372 4412 ἀγορᾷ
390 4337 486 4409 στῆσαι
505 4332 678 4410 Hucpcoudpv
696 4340 742 4392 καὶ
761 4331 889 4410 Σάτυρον
907 4359 953 4392 και
948 4333 1135 4413 Γόργιππον
1153 4334 1213 4397 τοὺς
1232 4335 1262 4392 ἐκ
1282 4337 1329 4392 1οῦ
1347 4330 1454 4394 Ho'utov

281 4448 517 4515 101111011111111
546 4415 584 4491 da
603 4447 674 4500 apsqu
662 4427 914 4503 χίλιοιμέδιμνοι
928 4427 976 4483 τοῦ
988 4425 1114 4484 ἐνιαυτοῦ
1126 4426 1223 4505 πυρῶν
1236 4421 1455 4487 ἀποστέλλονται.
