3156 5080
794 419 1014 483 ,ῃ-

317 625 382 690 qua
406 627 446 676 ex
469 628 507 676 re
531 630 651 678 novum
676 619 711 678 et
734 631 865 692 semper
889 615 1063 679 imminens
1086 615 1272 693 periculum
1294 615 1365 680 illis
1383 624 1492 682 ortum

316 727 377 784 est.
425 721 539 784 'Palem
564 729 674 785 autem
699 721 843 799 Bospori
866 729 936 787 tum
959 722 1186 786 condicionem
1204 723 1369 788 internam
1387 722 1492 788 fuisse

314 826 392 892 inde
427 829 601 909 sequitur,
647 827 733 908 quod
777 829 927 906 proximo
965 829 1200 911 Spartooidae,
1241 830 1381 913 Satyro,
1419 850 1492 895 cum

314 935 506 1000 Theudosia
528 954 584 1000 res
608 944 784 1014 astatque
809 937 912 1002 verba
936 937 1103 1019 anonymi,
1128 937 1337 1001 Theudosice
1356 939 1492 1002 exsules

209 1092 213 1098 .
313 1043 527 1120 Bosporanos
562 1042 769 1122 consedisse,
807 1043 909 1108 aliter
942 1044 1096 1122 intellegi
1131 1052 1309 1124 nequeunt.
1366 1046 1492 1110 Postea

285 1191 288 1196 ·
314 1150 401 1213 enim
418 1149 608 1214 Theudosia
632 1168 762 1228 semper
785 1152 883 1231 regni
902 1153 1087 1230 Bosporani
1113 1152 1219 1230 ipsius
1244 1159 1328 1233 erat,
1354 1153 1490 1217 exsules

311 1257 419 1336 igitur
458 1258 565 1322 locum
609 1259 736 1322 nullum
778 1258 827 1321 ibi
870 1259 1047 1324 habebant.
1110 1259 1208 1323 Illius
1251 1267 1362 1324 autem
1397 1261 1489 1324 modi

311 1363 489 1428 discordiis
523 1366 614 1430 cives
643 1347 801 1443 expulsos
833 1383 906 1428 esse
942 1373 1052 1443 patet:
1091 1366 1120 1429 si
1156 1367 1274 1446 minus,
1313 1385 1378 1444 qua
1416 1367 1487 1430 alia

311 1470 350 1535 de
375 1490 476 1536 causa
499 1471 622 1537 factum
648 1478 710 1554 est,
735 1481 773 1538 ut
796 1479 849 1538 tot
880 1471 962 1536 illuc
996 1471 1239 1538 convenirent?
1272 1509 1312 1516 -
1346 1473 1489 1553 Satyrus

313 1586 424 1644 autem
461 1598 544 1658 quos
579 1598 640 1658 per
675 1598 778 1644 annos
812 1580 1011 1658 regnaverit
1041 1578 1174 1645 dubium
1211 1587 1272 1644 est.
1320 1579 1491 1646 Diodorus

309 1686 441 1764 quidem
465 1694 629 1751 mortuum
656 1705 729 1750 eum
754 1704 827 1750 esse
851 1686 1003 1750 adfirmat
1032 1705 1116 1750 anno
1151 1691 1213 1750 333
1238 1695 1316 1765 post
1345 1706 1486 1765 regnum

308 1792 575 1872 quattuordecim
611 1812 780 1858 annorum.
829 1791 932 1874 Quem
969 1801 1119 1857 secutum
1155 1811 1229 1858 esse
1264 1793 1368 1858 filium
1400 1795 1487 1859 Leu-

308 1920 444 1983 conem,
489 1903 545 1980 qui
581 1919 641 1979 per
678 1919 781 1965 annos
818 1899 1041 1980 quadraginta
1076 1901 1251 1979 imperium
1288 1901 1486 1983 obtinuerit,

308 2004 553 2091 (393-353)¹),
577 2027 616 2072 ac
640 2016 707 2073 tam
732 2008 899 2072 Leuconis
915 2006 1019 2071 filium
1037 2007 1234 2085 Spartocum
1258 2009 1315 2086 qui
1331 2016 1485 2072 mortuus

306 2117 352 2181 sit
385 2118 507 2196 quique
546 2117 641 2181 annis
678 2124 756 2194 post
792 2113 934 2197 (348)2),
979 2115 1121 2195 denique
1155 2115 1310 2193 Spartoci
1341 2115 1484 2180 fratrem

305 2223 520 2288 Paerisadem
545 2242 649 2302 usque
674 2223 716 2287 ad
739 2241 859 2287 annum
890 2217 990 2301 3101‘9
1003 2224 1039 2301 Β).
1095 2224 1141 2287 At
1174 2223 1209 2286 hi
1240 2223 1370 2287 numeri
1403 2221 1486 2287 falsi

305 2330 462 2396 videntur
493 2349 576 2395 esse.
623 2332 757 2409 Pugnat
781 2348 853 2393 cum
886 2330 928 2393 iis
964 2329 1142 2408 inscriptio
1177 2331 1294 2394 Attica
1325 2329 1486 2410 Sylloges
1567 2373 1568 2392 t

310 2439 380 2518 101,
406 2434 678 2519 (Dittenberger)
703 2455 787 2516 quae
812 2443 864 2500 θεῖ
887 2437 965 2500 anni
991 2440 1054 2501 346
1080 2436 1179 2515 idque
1203 2438 1326 2520 mensis
1351 2437 1486 2514 Aprilis

304 2546 359 2612 vel
397 2541 527 2628 Maii⁴).
583 2546 694 2623 Atque
729 2545 811 2608 haec
847 2543 992 2609 indicat:
1028 2544 1176 2608 Leuconi
1219 2544 1308 2622 patri
1348 2551 1485 2608 mortuo

304 2653 486 2730 Spartocus
516 2659 551 2717 et
590 2650 791 2717 Paerisades
830 2658 1067 2715 successerunt
1100 2651 1298 2729 legatosque
1330 2650 1485 2715 Athenas

302 2760 475 2841 miserunt,
499 2767 537 2824 ut
566 2760 747 2823 amicitiam
763 2759 941 2836 pristinam
958 2765 1160 2823 renovantes
1172 2758 1308 2824 veniam
1324 2765 1486 2834 peterent

303 2868 529 2950 mercenarios
554 2865 770 2930 conducendi.
817 2865 901 2928 Num
933 2865 966 2928 id
1002 2864 1127 2929 iactum
1163 2882 1236 2928 esse
1272 2871 1385 2942 potest
1420 2881 1484 2928 sex

303 2974 359 3040 vel
383 2981 510 3052 septem
535 2973 663 3038 demum
689 2973 784 3036 annis
809 2979 886 3050 post
903 2972 1070 3038 Leuconis
1086 2970 1252 3036 mortem?
1275 2971 1379 3035 Immo
1396 2989 1482 3036 vcro

303 3081 362 3146 ille
394 3082 585 3159 nuperrime
621 3098 639 3143 e
674 3081 746 3145 vita
782 3078 938 3160 decessit,
975 3085 1009 3143 et
1044 3097 1116 3142 cum
1152 3079 1260 3142 hieme
1296 3096 1337 3142 ex
1369 3079 1482 3142 Ponto

301 3189 457 3267 navigari
490 3203 556 3251 non
586 3187 722 3268 liceret,
753 3205 873 3250 annum
907 3186 1027 3251 mortis
1059 3190 1121 3249 347
1157 3203 1232 3249 esse
1265 3183 1482 3250 statuendum

304 3304 365 3361 est.
413 3295 507 3360 Adde
532 3294 618 3374 quod
643 3295 826 3372 Spartocus
851 3300 886 3356 et
908 3293 1108 3357 Paerisades
1132 3311 1198 3356 una
1231 3299 1337 3372 agunt
1368 3309 1481 3370 neque

301 3403 406 3469 tertio
423 3401 530 3468 fratre
547 3401 727 3480 Apollonio
745 3399 896 3464 adhibito
906 3399 944 3480 ⁵).
980 3400 1140 3464 Errorem
1157 3399 1299 3464 Diodori
1317 3397 1482 3464 Schaefer

299 3511 387 3578 vidit
403 3518 438 3575 et
454 3510 578 3588 optime
596 3504 810 3587 dissolviti).¹
836 3507 1055 3571 Existimavit
1071 3506 1158 3570 enim
1175 3507 1245 3586 ille,
1262 3505 1479 3570 Paerisadem

299 3625 376 3697 post
400 3618 596 3696 spartocum
632 3632 804 3694 regnasse,
841 3631 913 3676 cum
950 3629 988 3676 re
1018 3630 1100 3677 vera
1125 3612 1243 3676 iisdem
1266 3613 1479 3690 temporibus

300 3744 406 3806 regno
430 3723 640 3804 fungeretur,
665 3729 747 3801 quot
770 3739 811 3784 ex
835 3720 937 3784 titulo
962 3719 1022 3782 illo
1039 3719 1138 3797 plane
1163 3720 1284 3784 elucet.
1333 3718 1479 3784 Accedit

406 3966 868 4038 mmmmmmm

403 4061 431 4128 a)
448 4059 515 4114 xv1
532 4059 576 4113 aa.

404 4153 432 4214 3)
452 4149 502 4204 ΧΧ
520 4151 562 4202 33.

403 4238 432 4308 4)
450 4236 546 4293 Bhein.
567 4237 635 4291 llus.
655 4235 689 4290 33
707 4235 760 4289 423
780 4248 837 4302 sqq.
857 4232 1002 4301 (Schtfer).

406 4329 435 4397 5)
453 4327 518 4396 Syll.
539 4328 588 4381 101
609 4343 637 4380 v.
656 4325 691 4380 66
710 4339 767 4392 sqq.

405 4419 434 4484 6)
454 4417 552 4472 Bhein.
571 4417 639 4470 lius.
658 4416 694 4470 33
712 4415 766 4470 418
785 4428 842 4482 sqq.

1565 2225 1568 2366 l
