3156 5080
735 413 954 478 ..prpeu

257 606 307 672 Ac
330 625 372 673 ne
397 607 432 673 in
456 627 492 674 se
523 609 596 689 ipso
632 608 764 689 quidem
799 626 938 688 regnum
969 609 1222 690 continebatur,
1251 615 1433 686 propterea

258 715 346 794 quod
363 717 551 795 complures
569 719 726 784 civitates
742 717 897 798 Bospori,
921 716 1147 796 Nymphaeum
1160 715 1194 796 ¹),
1220 716 1431 782 Cimmerium

259 822 470 907 Petraeum),
495 825 758 890 Atheniensibus
775 826 938 902 parebant
954 823 1026 888 sine
1044 822 1143 887 dubio
1161 842 1201 888 ex
1218 823 1432 902 expeditione

257 932 399 996 Pontica
422 930 611 1015 Periclisl),
637 951 732 1011 quam
757 921 816 995 illi'
834 930 986 996 fecerant
1010 931 1050 995 ad
1076 948 1146 996 rem
1176 929 1431 996 frumentariam

259 1039 467 1123 firmandam,
516 1041 780 1122 quandoquidem
822 1038 989 1104 frumento
1042 1057 1082 1103 111
1132 1039 1239 1103 Ponto
1289 1040 1429 1106 advecto

259 1148 522 1213 Atheniensibus
563 1166 693 1227 semper
727 1149 868 1212 maxime
894 1165 976 1224 opus
1000 1153 1083 1210 erat.
1132 1145 1234 1227 Quem
1271 1145 1431 1211 frumenti

259 1254 384 1320 fontem
408 1256 531 1319 muniri
555 1256 715 1321 volebant
739 1255 890 1319 castellis
915 1254 985 1318 illis
1010 1255 1070 1318 sub
1095 1252 1255 1317 ditionem
1272 1253 1430 1318 redactis.

259 1362 407 1426 'Fabulae
432 1371 533 1428 auten
557 1363 648 1444 illae,
674 1363 793 1441 quibus
810 1362 940 1426 tributa
955 1360 1257 1441 Nymphaeensium
1275 1361 1433 1425 Cimmer-

261 1470 368 1533 iorum
393 1470 646 1535 Patraeensium
670 1469 841 1550 recenseri
875 1468 1048 1549 videntur,
1081 1486 1121 1531 111
1146 1485 1231 1531 anno
1255 1471 1321 1532 424
1345 1475 1433 1550 sunt,

257 1575 484 1656 Nymphaeum
516 1577 617 1641 etiam
647 1584 789 1640 exeunte
818 1575 907 1639 bello
940 1575 1225 1652 Peloponnesiaco
1249 1575 1433 1639 Athenien-

258 1684 343 1748 sium
373 1682 478 1748 fuisse
502 1684 680 1748 Aeschinis
715 1684 819 1748 verba
854 1684 1007 1760 probant.
1053 1681 1137 1746 Num
1173 1689 1283 1747 autem
1320 1700 1433 1746 omnes

257 1791 338 1854 illae
361 1799 433 1856 tres
458 1792 616 1856 civitates
641 1809 701 1869 per
726 1796 890 1870 aetatem,
914 1808 1010 1867 quam
1041 1789 1199 1871 diximus,
1229 1791 1289 1854 sub
1318 1808 1433 1853 eorum

259 1898 386 1963 ditione
432 1897 577 1980 fuerint,
634 1899 799 1962 incertum
836 1895 967 1975 quidem
1003 1903 1073 1979 est,
1121 1896 1179 1960 sed
1213 1895 1433 1975 probabile⁴).

260 2004 463 2086 Quamquam
488 2006 712 2071 Athenienses
729 2005 880 2082 Bosporo
898 2023 963 2068 non
980 2005 1028 2068 ita
1044 2005 1195 2082 pericula
1210 2004 1433 2086 minabantur,

259 2131 331 2175 cum
356 2119 391 2176 et
414 2113 480 2190 ipsi
504 2113 705 2192 gravissimo
730 2112 820 2176 bello
853 2111 975 2175 intenti
1006 2119 1119 2176 essent
1152 2119 1186 2176 et
1215 2111 1433 2190 Spartocidae

259 2236 390 2296 semper
406 2218 440 2282 id
457 2226 608 2300 agerent,
633 2225 671 2283 ut
693 2237 765 2282 cum
782 2219 1045 2282 Atheniensibus
1069 2236 1183 2296 pacem
1201 2226 1235 2282 et
1251 2219 1433 2283 amicitiam

258 2321 472 2408 gererent5),
512 2333 571 2390 aut
603 2343 642 2388 ea
672 2325 768 2406 lege,
804 2332 842 2389 ut
879 2326 1042 2390 societate
1074 2332 1109 2390 et
1132 2323 1267 2389 foedere
1292 2344 1365 2389 cum
1390 2325 1434 2389 iis

264 2433 377 2498 iuncto
403 2451 482 2511 opes
506 2451 587 2497 suae
610 2431 823 2514 fulcirentur,
859 2439 918 2496 1111
953 2440 991 2496 111
1024 2432 1208 2496 honoribus
1243 2433 1283 2496 ab
1319 2451 1433 2496 eorum

259 2539 399 2606 civitate
423 2540 628 2618 amplissime
652 2540 801 2617 acceptis
827 2558 939 2603 coram
963 2539 1119 2603 barbaris
1136 2540 1321 2604 autoritate
1346 2557 1435 2604 cres-

260 2656 386 2730 cerent,
412 2647 575 2726 imprimis
600 2654 721 2728 autem,
747 2655 793 2712 'ut
825 2647 1024 2711 commercia
1052 2653 1225 2726 augerent.
1280 2645 1372 2728 Quae
1406 2647 1436 2711 si

258 2753 440 2836 florebant,
465 2755 678 2832 Bosporanos
704 2761 880 2818 contentos
904 2752 1037 2818 futuros
1068 2771 1142 2817 esse
1178 2770 1314 2818 necesse
1351 2761 1435 2818 erat.

260 2861 324 2926 Sed
359 2862 421 2946 illa
458 2862 588 2942 Satyri,
622 2859 768 2926 fortasse
805 2861 906 2924 etiam
936 2861 1009 2925 eius
1031 2861 1136 2942 regis,
1161 2861 1218 2939 qui
1242 2861 1436 2942 antecessit,

258 2975 370 3033 aetate
395 2969 553 3034 1111111111
577 2969 658 3032 11111
683 2967 833 3031 dominos
868 2974 1164 3032 commutaverunt.
1219 2968 1316 3032 Bello
1348 2968 1436 3031 enim

257 3074 542 3152 Peloponnesiaco
576 3093 648 3139 oum
689 3093 745 3139 res
776 3074 1030 3138 Atheniensium
1063 3075 1332 3156 collaberentur,
1361 3074 1437 3138 fieri

262 3199 328 3245 non
351 3189 496 3263 poterat,
529 3189 566 3246 ut
589 3182 785 3260 provinciae
809 3181 889 3245 illae
914 3181 1110 3259 longissime
1134 3189 1283 3246 remotae
1309 3181 1437 3246 diutius

258 3295 465 3353 tenerentur.
525 3289 591 3355 Ubi
628 3290 799 3354 maritima
827 3289 1083 3354 Atheniensium
1115 3287 1295 3354 dominatio
1327 3288 1439 3353 fracta

259 3403 343 3478 erat,
367 3415 433 3460 non
457 3397 522 3460 iam
538 3397 692 3474 pecuniis
708 3397 873 3461 militibus
890 3397 1031 3461 castella
1048 3397 1109 3460 illa
1125 3396 1251 3461 firmari
1267 3403 1435 3474 poterant.

259 3505 370 3582 Atque
395 3503 517 3584 Gylon,
541 3505 571 3567 si
596 3503 727 3582 quidem
752 3503 787 3567 in
802 3504 982 3568 Aeschinis
1003 3503 1163 3569 adversus
1180 3503 1437 3568 Demosthenem

259 3610 450 3688 opprobriis
482 3609 610 3689 aliquid
642 3612 717 3676 veri
749 3611 860 3675 inesse
890 3609 1071 3688 putandum
1102 3617 1169 3692 est,
1200 3610 1437 3675 Demosthenis

368 3841 394 3907 l)
413 3839 608 3908 Harpocratrio
627 3853 648 3892 s.
667 3854 693 3893 v.
713 3868 746 3878 -
765 3838 862 3893 Aeaoh.
882 3855 904 3892 o.
924 3837 995 3892 Otes.
1015 3837 1032 3909 ᾖ
1052 3838 1112 3892 171.

369 3928 397 3992 2)
417 3927 581 3982 01n137
600 3932 646 3991 (ex
665 3927 839 3996 coniectura).
1287 3941 1289 3946 ·
1361 3959 1363 3964 .

368 4018 397 4082 3)
417 4016 482 4070 Plut
501 4016 560 4072 Per.
580 4016 615 4070 20
633 4046 667 4055 —
687 4015 720 4070 ol.
740 4017 838 4072 Perrot
856 4017 873 4070 l.
893 4016 910 4072 l.
931 4033 956 4085 p.
976 4017 1018 4072 30.
1056 4017 1193 4083 Dunoker,
1222 4015 1291 4072 Abh.
1319 4017 1439 4092 11.Β111ο

259 4105 347 4161 Ahad.
368 4106 437 4162 1885
457 4122 482 4174 p.
502 4107 554 4162 544
566 4105 595 4162 ff.
615 4105 698 4175 (enno
718 4107 790 4176 444).

365 4198 394 4261 4)
413 4195 542 4265 1111111111,
570 4195 589 4250 l.
629 4195 648 4250 1.
677 4201 757 4265 putat
785 4195 966 4251 Athenienses
991 4211 1062 4250 anuo
1092 4195 1202 4250 demum
1230 4197 1284 4250 424
1312 4196 1441 4252 ciuitates

257 4287 386 4342 Ponticas
404 4300 542 4342 recensere
561 4291 672 4340 conatos
691 4301 757 4342 1111.

365 4377 393 4445 1)
412 4376 495 4431 Isocr.
514 4375 626 4444 Trapez.
