3156 5080
786 421 1004 482 -63-

306 605 353 693 (=
378 609 578 693 Amastris),
612 611 857 692 Paphlagonia,
889 613 1033 694 Persae,
1066 613 1185 695 Chius,
1211 611 1356 695 Cyprus,
1382 611 1472 694 Syra·

306 739 404 784 cusae
417 721 451 801 ¹).
506 721 629 785 Tamen
665 721 852 798 Bosporani
891 739 963 784 cum
1003 740 1068 784 non
1108 722 1307 800 ignorarent
1338 725 1473 801 patriam

306 827 468 892 Graecam
500 828 605 892 multo
637 828 701 892 sibi
734 828 957 910 antecellere,
990 827 1031 891 ad
1061 847 1117 892 res
1141 829 1190 893 ibi
1213 837 1329 906 gestas
1353 831 1473 894 animos

302 953 436 1012 semper
477 934 710 1000 adtendebant.
769 935 871 1000 Velut
906 935 1055 1013 Sopaeus
1096 936 1155 1000 ille
1190 936 1294 1000 fllium
1331 938 1474 1002 Athenas

305 1043 398 1106 misit
433 1034 517 1103 nord
554 1042 709 1123 θεωρίαν.
768 1045 880 1121 Atque
916 1042 1156 1107 consuetudine
1192 1051 1356 1121 perpetua
1391 1045 1474 1108 inter

305 1168 507 1214 communem
539 1149 682 1227 patriam
717 1156 752 1214 et
783 1150 932 1213 colonias
964 1157 1111 1214 remotas
1136 1157 1250 1214 mutua
1274 1151 1473 1230 aliquantum
1549 1129 1555 1288 Ι

306 1265 398 1322 certe
430 1257 693 1337 prohibebatur,
728 1258 903 1335 quominus
928 1258 1065 1321 barbari
1090 1256 1238 1321 Graecos
1262 1258 1362 1322 nimis
1387 1259 1474 1322 inun·
1553 1323 1555 1350 ι

305 1364 423 1428 darent
463 1365 753 1442 inquinarentque.
816 1363 969 1442 Denique
1009 1364 1175 1429 Athenaei
1185 1363 1212 1448 ²³)
1252 1366 1474 1430 testimouium

304 1470 418 1535 adiere
443 1472 563 1552 licent,
589 1490 652 1550 quo
679 1471 894 1536 citharoedus
919 1471 1131 1537 Stratonicus
1155 1473 1242 1551 apud
1266 1472 1473 1538 Paerisadem

306 1615 344 1622 -
371 1580 554 1659 incertum,
588 1579 644 1658 qui
676 1578 782 1644 fuerit
805 1616 842 1623 --
870 1579 1075 1658 aliquamdiu
1108 1588 1263 1645 versatus
1287 1581 1351 1662 sit,
1375 1559 1474 1658 'atquc

303 1687 466 1766 Polyaeni
491 1686 583 1750 illam
609 1686 648 1750 de
674 1687 828 1750 Leucone
852 1688 1100 1768 narrationem,
1134 1706 1198 1766 qua
1222 1687 1436 1752 Aristonicus
1458 1705 1475 1748 a

303 1795 477 1858 Memnone
503 1795 537 1858 in
562 1795 747 1872 Bosporum
772 1795 893 1859 missus
918 1801 991 1860 arte
1009 1813 1069 1859 sua
1086 1794 1241 1860 cantandi
1259 1813 1372 1859 omnes
1389 1795 1474 1859 cives
1550 1747 1555 1880 Ι

303 1901 344 1965 ad
369 1902 504 1967 theatra
529 1903 681 1979 coegisse
706 1901 826 1966 fertur.

412 2008 476 2073 Sed
501 2009 585 2074 satis
610 2007 650 2072 de
667 2009 812 2086 Bospori
830 2009 931 2072 rebus
949 2008 1074 2084 dixisse
1091 2009 1173 2072 mihi
1189 2009 1317 2075 videor.
1357 2009 1474 2073 Paucis

305 2134 532 2180 consummare
568 2116 665 2196 volo,
701 2134 785 2194 quas
821 2116 1013 2195 singulares
1049 2124 1083 2181 et
1116 2115 1327 2180 memorando
1361 2115 1473 2195 dignas
1554 2157 1556 2168 ,

303 2231 418 2301 partes
453 2241 593 2300 regnum
630 2222 714 2286 illud
752 2223 909 2300 exiguum
945 2224 1101 2302 gesserit.
1138 2222 1251 2291 ,Gens
1286 2224 1401 2287 nescio
1437 2241 1474 2285 an
1550 2169 1556 2302 1

303 2331 448 2395 barbara
483 2337 702 2411 tyrannorum
737 2331 846 2394 instar
880 2347 921 2393 ex
955 2348 1015 2394 suo
1046 2331 1196 2394 arbitrio
1220 2329 1349 2394 foederi
1376 2329 1473 2395 Grae·
1551 2327 1556 2476 1

303 2456 414 2501 carum
450 2438 639 2503 civitatium
672 2437 816 2516 imperat
842 2437 917 2516 plus
949 2456 1045 2516 quam
1076 2455 1137 2515 per
1167 2444 1338 2502 trecentos
1363 2454 1472 2501 annos.

303 2545 366 2609 Sed
391 2544 573 2623 prudentia
598 2545 791 2609 cautissima
815 2552 850 2609 et
873 2545 1039 2625 singulari
1063 2543 1287 2622 temperantia
1303 2543 1337 2608 id
1355 2544 1473 2622 effecit,

302 2660 339 2716 ut
369 2653 470 2716 rebus
498 2653 598 2732 regni
621 2652 819 2717 florentibus
844 2652 1080 2730 opulentiaque
1104 2660 1203 2716 aucta
1228 2651 1349 2716 Graeci
1377 2651 1473 2716 domi·

300 2759 470 2822 nationem
510 2777 576 2823 non
615 2759 715 2824 inviti
754 2739 884 2823 ferrent
918 2765 952 2823 et
983 2758 1162 2822 concordia
1193 2760 1283 2824 iuter
1314 2760 1473 2823 barbaros

300 2866 462 2951 regulet
487 2847 636 2930 Graecos
668 2865 778 2950 solida
810 2873 910 2930 esset.
959 2863 1032 2946 Qua
1062 2866 1194 2930 ratione
1222 2884 1362 2943 regnum
1393 2863 1473 2930 illud

301 2989 380 3036 sane
412 2971 543 3050 quidem
579 2971 762 3053 Graecum,
800 2971 971 3036 admodum
1006 2973 1163 3052 exiguum
1194 2973 1299 3037 vitam
1331 2972 1472 3050 degebat

297 3079 372 3143 suis
402 3080 503 3143 rebus
534 3079 679 3144 deditam
712 3081 746 3143 in
770 3079 889 3144 mediis
913 3079 1066 3144 barbaris
1090 3079 1235 3158 undique
1260 3081 1472 3158 instantibus,
1549 3059 1557 3224 1

300 3204 338 3249 ac
363 3187 501 3251 multum
525 3187 649 3252 adtulit
674 3205 746 3251 cum
771 3186 813 3251 ad
837 3187 943 3265 ipsius
970 3186 1145 3268 Graeciae,
1170 3187 1349 3278 praecipue
1373 3187 1472 3250 Athe·

299 3311 414 3356 narum
464 3311 543 3370 opes
592 3294 761 3374 augendas
799 3301 869 3358 tum
919 3293 960 3358 ad
1010 3311 1120 3358 mores
1169 3295 1471 3371 humanitatemque

306 3399 469 3464 Graecam
495 3401 753 3481 propagandam.
809 3400 881 3482 Quo
906 3401 939 3464 iu
965 3401 1077 3466 officio
1102 3401 1290 3466 diutissime
1315 3419 1351 3464 se
1375 3401 1470 3465 fidum

299 3509 465 3586 praebuit.
511 3509 659 3588 Namque
683 3509 785 3573 rebus
809 3508 1013 3587 aliquamdiu
1038 3509 1222 3572 attenuatis
1246 3509 1342 3573 brevi
1358 3525 1471 3571 recen-

298 3623 365 3680 tem
389 3614 504 3680 florem
529 3624 740 3681 consecutum
767 3623 833 3696 est,
868 3616 924 3694 qui
948 3615 1009 3679 sub
1033 3615 1193 3680 Romanis
1216 3625 1251 3679 et
1275 3613 1470 3694 Byzantinis
1556 3649 1557 3664 κ

300 3723 577 3799 imperatoribus
594 3723 729 3801 penitus
760 3723 793 3786 iu
825 3730 970 3787 aetatem
995 3722 1212 3786 christianam
1236 3719 1361 3786 floruit.
1410 3718 1470 3785 Sed
1556 3785 1557 3816 ᾖ

299 3829 361 3893 hoc
387 3830 530 3894 alterum
555 3848 672 3896 aevum
697 3829 889 3894 describere
914 3830 1057 3894 aliorum
1083 3838 1117 3894 et
1141 3829 1207 3894 fuit
1231 3837 1265 3894 et
1290 3829 1367 3893 erit.

300 4239 510 4248 -υ--υ-

407 4310 433 4371 1)
454 4307 513 4362 nac.
533 4307 561 4359 11
579 4306 641 4361 aas.
665 4289 781 4363 asa-o.
807 4308 921 4362 291-2.
945 4308 1006 4361 aas.
1031 4308 1093 4362 aas.
1112 4308 1174 4362 aoo.
1193 4308 1309 4362 eoa-a.
1328 4307 1389 4361 aar.
1408 4307 1467 4358 aaa.

403 4397 432 4461 a)
453 4396 521 4451 vni
539 4396 622 4451 arou.

1554 4295 1557 4410 l

1555 4521 1557 4650 l
