3156 5080
623 489 842 548 ...15-

139 795 255 850 terrae
287 787 473 851 continenti
494 788 710 869 propinqua,
745 789 794 852 ita
822 788 887 852 loci
912 796 1033 852 natura
1056 788 1184 852 munita
1209 796 1315 869 erant,

140 893 237 958 velut
268 894 401 958 isthmis
431 895 599 958 montibus
632 895 781 958 lacubus,
828 895 897 959 Nec
921 914 986 958 non
1009 895 1103 960 venti
1127 895 1316 972 navigando

143 1000 323 1078 opportuni
371 1008 477 1065 erant.
540 1002 628 1064 Vere
676 1002 763 1065 enim
810 1020 915 1080 paene
959 1003 1156 1080 sempiterni
1195 1002 1316 1084 Africi,

142 1113 319 1171 auctumno
344 1115 452 1172 autem
471 1108 646 1187 aquilones
663 1126 704 1174 ex
721 1108 848 1173 Sibiria
863 1106 989 1191 flante).
1036 1109 1154 1187 Itaque
1171 1107 1316 1173 fortasse

143 1213 208 1276 iam
243 1213 321 1277 olim
354 1215 541 1279 Phoenices
573 1216 716 1280 Pontum
748 1216 973 1296 intraverant,
1006 1215 1092 1294 quod
1123 1210 1316 1298 Hultsom),

142 1321 261 1384 metris
278 1321 472 1386 Phoeniciis
496 1322 531 1386 in
547 1323 647 1386 Ponti
664 1323 798 1401 populis
816 1321 994 1401 aliqnando
1012 1323 1149 1386 usitatis
1173 1324 1317 1400 probare

142 1427 265 1491 studet.
306 1429 387 1492 Tum
413 1429 515 1493 Cares
532 1431 566 1493 in
583 1429 660 1494 illas
676 1431 835 1508 regiones
851 1447 954 1495 naves
971 1428 1142 1507 adpulisse
1158 1427 1316 1494 traditur.

142 1534 275 1598 Plinius
311 1534 443 1613 quidem
479 1535 519 1599 de
544 1535 703 1600 Tanaidis
739 1537 827 1600 ostio
861 1537 943 1600 haec
978 1543 1110 1600 narrat:
1158 1543 1317 1615 „tenuere

143 1640 289 1705 finitima
321 1643 421 1720 primi
447 1643 564 1724 Carae,
597 1643 674 1707 dein
699 1643 903 1708 Clazomenii
935 1651 970 1708 et
993 1643 1168 1725 Maeones,
1200 1650 1318 1720 postea

147 1749 456 1828 Panticapenses4).
509 1751 644 1814 lonicae
679 1751 786 1828 igitur
809 1751 911 1815 Asiae
937 1750 1095 1816 civitates
1121 1751 1318 1814 corrobora-

143 1855 336 1920 taedarum
361 1856 582 1922 hereditatem
607 1859 831 1936 excipiebant.
879 1860 929 1922 Ac
953 1857 1009 1922 diu
1035 1857 1105 1920 illis
1122 1857 1207 1920 locis
1223 1857 1318 1921 vicos

145 1963 349 2038 piscatorum
374 1971 409 2028 et
431 1965 682 2044 negotiatorum
706 1964 811 2029 luisse
835 1964 1022 2030 verisimile
1040 1971 1102 2028 est.
1142 1965 1317 2028 Postremo

145 2070 297 2133 coloniae
321 2071 465 2134 maiores
490 2071 572 2135 illuc
597 2071 856 2152 deducebantur,
881 2071 1021 2135 simulac
1042 2089 1098 2134 res
1115 2071 1318 2134 domesticae

144 2176 303 2254 delapsae
340 2185 437 2242 erant
474 2178 643 2243 diuturnis
686 2198 758 2243 cum
800 2179 905 2259 Lydis
937 2179 1055 2260 bellis,
1092 2177 1318 2242 dominatione

143 2285 341 2367 Persarum,
374 2285 553 2350 discordiis
588 2287 746 2352 civilibus
775 2286 998 2350 atrocissimis
1031 2287 1172 2350 maxime
1206 2285 1317 2350 Mileti

145 2393 318 2469 exorciso.
377 2393 477 2457 Multi
523 2394 587 2457 iam
630 2395 837 2472 cogebantur
872 2412 976 2458 novas
1012 2393 1109 2458 sedes
1144 2410 1317 2471 quaerere.

144 2499 264 2577 ltaque
288 2518 329 2563 ex
353 2499 461 2563 medio
486 2501 620 2564 saeculo
645 2509 740 2565 sexto
766 2501 910 2564 maiores
936 2501 1087 2564 coloniae
1113 2499 1318 2563 Graecorum

145 2606 180 2670 in
204 2607 355 2684 Bosporo
381 2607 558 2671 Cimmerio
584 2605 799 2687 condebatur,
825 2626 897 2670 oum
922 2607 1009 2670 aliae
1026 2606 1126 2670 Ponti
1151 2623 1229 2668 orae
1254 2605 1319 2668 iam

145 2722 245 2777 antea
277 2714 419 2778 coloniis
451 2714 645 2792 frequentes
677 2722 799 2779 essent.
848 2713 912 2778 Sed
945 2714 1029 2777 certi
1055 2713 1133 2776 anni
1156 2731 1223 2775 non
1246 2711 1318 2775 noti

146 2829 242 2900 sunt,
273 2822 442 2899 neglectis
466 2821 526 2903 iis,
559 2840 644 2900 quae
669 2821 709 2885 de
733 2823 840 2886 Aeete
866 2820 1037 2885 Colchidis
1060 2838 1143 2898 rege
1167 2818 1321 2883 fabulosa

145 2947 165 2991 a
187 2928 354 3006 Stephano
371 2929 453 3010 Byz.
477 2929 667 2994 traduntur.
713 2929 926 3007 Phanagoria
950 2936 1060 2992 autern
1085 2928 1320 3005 aPhanagora

146 3036 228 3098 Teio
246 3035 380 3100 condita
397 3053 470 3100 esse
487 3035 597 3102 fertur
613 3037 791 3102 Persarum
809 3036 923 3100 ducem
939 3037 1132 3113 Harpagum
1157 3032 1319 3114 fugiente,

147 3142 182 3206 id
228 3150 280 3206 est
330 3143 421 3207 circa
464 3162 582 3208 annum
626 3143 737 3226 550⁶).
807 3143 900 3210 Unde
948 3142 1086 3207 Boeckh
1128 3141 1319 3220 Latyschev

146 3250 363 3315 coniecerunt
400 3251 660 3332 Panticapaeum
698 3253 812 3316 urbem
849 3270 915 3314 non
953 3249 1176 3314 recentiorem
1214 3247 1319 3311 luisse

146 3364 263 3434 utpote
295 3376 379 3436 quae
426 3360 467 3422 ab
506 3355 714 3441 Ammiano⁷)
769 3359 883 3438 „velut
928 3365 1036 3422 mater
1074 3353 1254 3434 omnium“,
1301 3373 1321 3417 a

147 3464 345 3550 Strabone⁸)
401 3461 601 3549 μητρόπολις
646 3467 711 3528 τῶν
752 3469 991 3550 Βοσποριανῶν
1036 3466 1216 3530 diceretur.
1275 3466 1321 3528 At

146 3574 311 3638 Ammiani
344 3575 456 3640 verbis
484 3593 550 3638 non
575 3574 743 3656 cogimur,
768 3583 805 3638 ut
830 3575 953 3638 ceteris
978 3574 1201 3652 antiquiorem
1226 3572 1319 3636 illam

257 3752 283 3816 l)
302 3749 337 3804 cl.
356 3749 445 3815 Niese,
464 3749 560 3803 (leuch.
580 3749 606 3804 d.
625 3749 727 3818 griccb.
747 3765 772 3803 u.
793 3748 896 3803 maked.
916 3748 1029 3802 Staateu
1047 3765 1071 3816 p.
1085 3748 1147 3802 409.

255 3841 281 3902 2)
302 3837 336 3892 cf.
350 3838 476 3893 Perrotl.
489 3838 507 3892 1.
520 3855 546 3906 p.
560 3840 608 3894 12.¹
616 3840 660 3894 28.
679 3868 712 3878 -
732 3838 887 3898 Reichardt.
907 3837 1106 3891 Laudeskuudo
1119 3853 1172 3890 von
1190 3836 1321 3903 Skytbien

146 3927 209 3980 diss.
229 3927 290 3982 Hal.
311 3928 425 3995 resep
453 3930 496 3982 64.

254 4021 282 4080 3)
301 4017 461 4086 bletrologie
479 4035 505 4086 p,
524 4018 585 4072 574.

253 4105 484 4175 hunssa

253 4199 282 4260 b)
301 4196 365 4250 Her.
385 4196 409 4248 V
428 4197 509 4262 28sq.

254 4285 282 4348 6)
301 4283 428 4338 Eusthat.
448 4285 491 4339 ad.
510 4283 619 4353 Porieg.
640 4299 664 4340 v.
684 4285 745 4339 552.
765 4283 800 4338 ei.
819 4283 924 4350 Soymn.
944 4283 1005 4338 887.

256 4375 283 4438 1)
302 4373 382 4428 XXII
401 4374 451 4428 8²⁰.

254 4464 281 4520 81
301 4462 355 4516 VH
373 4463 426 4519 309
445 4463 479 4518 ct
498 4463 592 4532 Steph.
611 4462 674 4533 Byr.
694 4476 715 4516 s.
735 4478 762 4517 v.
