3156 5080
759 478 980 539 ..14-

285 667 377 746 cipes
393 668 521 734 fuerint
545 671 658 749 itaque
683 679 801 748 postea
824 671 865 735 ad
889 670 1062 736 Maitidem
1085 672 1225 750 propius
1241 673 1459 736 accesserint.

284 810 326 818 -
350 775 403 840 Ex
427 777 551 842 ceteris
576 777 739 842 Sarmatis
764 775 907 858 denique
931 776 1120 842 Iaxamates
1153 787 1268 856 partes
1301 779 1460 858 quasdam

284 891 408 960 gerunt
433 885 467 947 in
490 885 592 948 rebus
608 885 717 964 gestis
734 883 1017 962 Spartocidarum.
1064 885 1173 950 Erant
1188 903 1293 964 prope
1310 887 1459 950 Tanaim.

285 987 378 1069 Quod
402 988 522 1058 flumen
553 991 740 1070 antiquitus
776 999 850 1056 erat
889 992 979 1055 inter
1003 991 1145 1072 Scythas
1182 1000 1216 1056 et
1240 992 1460 1070 Sarmatas¹).

285 1129 326 1138 -—
351 1096 522 1164 Interdum
548 1097 688 1162 Caucasi
736 1116 866 1177 quoque
903 1098 1019 1177 populi
1055 1098 1188 1177 quidam
1211 1099 1360 1164 montani
1396 1099 1459 1162 sub

284 1201 411 1268 ditione
436 1205 704 1282 Bosporanorum
729 1213 836 1286 erant,
861 1218 899 1269 ut
921 1205 1049 1269 Achaei
1075 1241 1115 1250 -
1141 1207 1259 1270 mirum
1285 1213 1337 1270 est
1353 1204 1460 1270 Grae-

284 1328 356 1374 cum
394 1329 511 1375 nomen
547 1330 586 1375 ac
621 1312 743 1376 multas
778 1311 909 1376 fabulas
945 1312 1109 1377 excitavit
1146 1348 1183 1354 ·-
1222 1313 1388 1376 Heniochi
1425 1319 1461 1376 et

284 1417 459 1495 propiores
484 1418 656 1494 Cercetae,
681 1437 820 1498 quorum
844 1436 963 1482 nomen
986 1418 1027 1482 ad
1047 1419 1349 1500 ‚,Tscherkessen,“
1376 1437 1460 1498 quos

284 1542 345 1588 nos
368 1543 525 1591 vocamus
550 1525 735 1606 adsonat2).
1569 1514 1570 1522 ἵ

389 1631 439 1696 De
460 1631 597 1710 oppidis
622 1633 822 1711 populisque
846 1633 943 1712 regni
961 1633 1114 1712 quoniam
1133 1633 1217 1698 satis
1234 1632 1360 1696 dixisse
1376 1633 1460 1696 mihi
1569 1617 1570 1632 ἢ

288 1737 417 1819 videor,
443 1739 507 1804 iam
531 1746 666 1804 transeo
692 1739 812 1804 adres
837 1747 993 1804 externas
1015 1739 1239 1820 explicandas,
1264 1758 1303 1803 ac
1319 1740 1462 1816 primum

285 1844 417 1923 quidem
441 1843 558 1924 p'aucis
583 1846 622 1910 de
647 1847 765 1926 orgine
790 1855 825 1911 et
849 1848 1099 1911 consociatione
1124 1847 1312 1912 civitatium
1329 1847 1460 1928 loquar,
1569 1919 1570 1926 ,

284 1959 354 2016 tum
377 1971 433 2017 res
457 1972 477 2018 a
501 1953 709 2032 Spartoeidis
733 1961 849 2032 gestas
872 1955 1005 2032 planius
1029 1973 1200 2033 exponam.
1569 1939 1570 1950 ³

389 2059 440 2124 Ad
466 2079 543 2125 oras
567 2062 645 2125 illas
661 2062 761 2126 Ponti
787 2062 929 2125 coloniis
952 2061 1117 2126 ornandas
1134 2060 1258 2125 Graeci
1276 2080 1461 2127 commove·

284 2167 407 2230 bantur
444 2169 716 2245 praeclarissima
756 2169 947 2232 commercii
980 2167 1186 2232 condicione.
1242 2169 1349 2247 Supra
1383 2187 1462 2233 oras

285 2274 371 2338 enim
405 2274 550 2355 Scythae
582 2283 693 2339 terras
725 2276 938 2356 obtinebant,
975 2293 1058 2353 gens
1089 2275 1263 2339 nomadum
1296 2276 1462 2340 bellorum

284 2381 549 2461 iniuriarumque
593 2402 658 2446 non
702 2384 801 2446 nimis
842 2382 941 2448 avida
983 2400 1090 2462 neque
1131 2402 1151 2446 a
1187 2383 1462 2448 commerciorum

286 2487 525 2562 consuetudine
543 2491 737 2572 abhorrens
755 2491 812 2569 qui
829 2497 865 2554 ut
884 2507 986 2568 opera
1002 2489 1241 2554 artificiosiora
1255 2489 1463 2554 Graecorum

284 2595 396 2672 magni
429 2597 665 2678 aestimabant,
698 2598 747 2662 ita
770 2598 836 2675 ipsi
860 2605 973 2662 terrae
997 2595 1114 2676 fruges
1138 2604 1172 2661 et
1195 2597 1355 2661 materias
1379 2597 1463 2660 arti-

284 2702 379 2766 ficum
428 2703 589 2781 plurimas
636 2705 874 2783 producebant.
944 2704 1091 2782 Namque
1138 2704 1297 2782 planities
1344 2721 1462 2767 eorum
1570 2785 1571 2792 ἵ

284 2810 498 2875 vastissimae
529 2812 724 2890 plerumque
755 2831 856 2890 agros
891 2811 932 2875 ad
957 2810 1130 2876 colendum
1154 2811 1296 2874 maxime
1320 2810 1462 2874 idoneos

285 2918 509 2998 praebebant,
541 2926 579 2982 ut
609 2926 702 2983 terra
726 2920 936 2999 Bosporano,
969 2936 1052 2996 quae
1083 2918 1234 2996 quamvis
1257 2917 1344 2982 male
1370 2918 1464 2981 culta

284 3025 416 3088 tricena
440 3025 567 3089 semina
590 3023 765 3108 ferebam).
813 3027 895 3089 Tum
919 3025 1098 3088 nonnullae
1123 3042 1203 3088 orae
1227 3032 1342 3101 partes
1359 3024 1461 3090 silvis

285 3130 493 3196 densissimis
541 3150 664 3210 opacae
711 3141 808 3197 erant
846 3133 941 3197 velut
980 3131 1119 3212 Scythia
1159 3149 1243 3210 quae
1284 3131 1462 3195 dicebatur

285 3229 431 3321 dicim),
457 3247 491 3303 et
507 3247 637 3304 montes
654 3242 849 3304 Taurorum.
896 3239 990 3306 Unde
1009 3239 1161 3303 coloniae
1177 3239 1340 3302 Ponticae
1356 3257 1462 3316 porro
1569 3301 1571 3308 Α

288 3345 329 3409 ad
360 3346 566 3411 occidentem
589 3366 708 3413 versus
732 3347 819 3413 sitae
844 3349 999 3411 arborum
1025 3347 1141 3424 inopes
1164 3347 1279 3410 trabes
1304 3345 1461 3424 adporta-

285 3454 375 3518 bant.
422 3454 496 3518 Huc
520 3454 718 3536 accedebat,
744 3451 831 3533 qhod
856 3453 1061 3518 Graecorum
1085 3471 1212 3517 merces
1241 3453 1416 3531 paullatim
1441 3473 1464 3517 a

285 3561 419 3638 populis
457 3560 714 3626 mediterraneis
744 3569 858 3626 mutuo
892 3561 1089 3625 commercio
1123 3578 1226 3638 usque
1260 3559 1301 3624 ad
1335 3561 1462 3624 Baltici

286 3661 388 3731 maris
422 3686 499 3732 oras
532 3670 754 3746 portabantur
777 3670 930 3747 aliaeque
953 3676 1157 3750 retrorsum,
1197 3667 1463 3746 quandoquidem

285 3776 409 3839 nummi
445 3775 568 3840 Graeci
608 3776 681 3840 illic
716 3777 975 3853 inveniuntur).
1029 3775 1128 3840 Aliae
1169 3781 1281 3838 autem
1313 3776 1389 3840 viae
1420 3775 1463 3839 ad

289 3901 380 3946 oram
414 3882 507 3946 illam
537 3881 638 3948 Ponti
671 3901 712 3947 ex
745 3883 908 3948 interiore
937 3882 1020 3946 Asia
1051 3881 1220 3964 ferebant,
1259 3890 1297 3947 ut
1326 3880 1464 3947 videtur

286 4027 499 4038 ..a—..—

397 4115 423 4176 1)
443 4111 567 4166 Her.1V
585 4113 628 4166 21.

394 4203 422 4265 2)
442 4201 547 4268 llbller,
566 4201 664 4270 Geogr.
683 4201 729 4254 Gr.
749 4199 811 4256 min.
831 4200 866 4253 ad
884 4199 952 4268 Scyl.
973 4201 1016 4256 73.

392 4293 421 4356 3)
440 4290 528 4345 Strab.
548 4290 602 4345 VII
615 4293 676 4345 311.

392 4384 421 4446 4)
441 4380 506 4436 Her.
525 4379 565 4435 IV
580 4381 620 4434 18.

392 4473 421 4540 o)
440 4469 536 4525 Perrot
554 4469 573 4526 1.
591 4468 608 4524 1.
627 4484 654 4538 p.
667 4470 712 4525 ab.
