3156 5080
576 418 799 506 ,δῦ-ζ

100 651 213 724 eraut,
257 643 408 706 remissis
450 642 596 719 ipsorum
634 639 764 703 reditus
800 637 1093 715 imminuerentur,
1137 629 1277 697 divitiae

100 753 223 817 civium
256 749 462 814 Graecorum
505 767 544 812 eo
574 748 681 824 magis
712 746 940 824 augebantur,
972 762 1036 822 quo
1068 741 1279 819 frequentius

99 859 201 923 fiebat
236 857 478 922 commercium.
526 857 649 919 'damen
681 872 781 933 reges
811 872 877 916 nou
901 852 999 929 plane
1025 848 1195 914 commoda
1219 847 1280 912 illa
1310 851 1314 856 ’

101 966 311 1046 abiciebant,
344 972 525 1042 propterea
557 961 643 1040 quod
671 962 941 1038 Bosporanorum
967 958 1126 1024 ditiorum
1150 958 1281 1022 tributa

102 1073 201 1136 simul
227 1073 448 1151 augebantur.
496 1079 498 1084 '

210 1196 260 1261 Ad
311 1196 477 1260 amicitias
513 1193 665 1272 publicas
698 1191 859 1258 fovendas
895 1193 1081 1271 antiquitus
1118 1191 1282 1268 imprimis

102 1300 277 1385 πρόξενίαι
302 1305 576 1368 instituebantur.
626 1300 779 1366 Conferri
804 1306 944 1379 possunt
969 1320 1040 1364 cum
1062 1300 1188 1364 nostris
1207 1318 1282 1362 eon·

105 1413 290 1493 sulatibuS,
316 1412 466 1490 quamvis
492 1411 525 1473 in
551 1410 721 1474 contrario
746 1408 960 1472 fundamento
985 1416 1178 1472 exstructae
1203 1409 1281 1472 sint.

110 1520 188 1584 Cum
228 1521 315 1583 enim
349 1537 404 1582 res
436 1517 571 1595 publica
603 1524 720 1580 extera
753 1515 839 1593 apud
870 1534 930 1578 nos
965 1534 1025 1580 sua
1057 1516 1131 1579 iura
1162 1516 1284 1580 haheat

106 1629 221 1706 eisque
246 1645 307 1704 per
331 1643 410 1689 suos
435 1625 526 1689 cives
552 1624 715 1704 consulat,
740 1623 826 1701 apud
845 1622 993 1688 Graecos
1018 1625 1090 1687 sine
1107 1624 1181 1687 iure
1199 1630 1283 1702 erat,

106 1743 140 1798 et
173 1734 301 1798 iudicia
332 1731 475 1809 adipisci
506 1731 662 1796 studebat
695 1749 756 1810 per
790 1731 881 1796 cives
914 1731 1055 1795 alterius
1086 1728 1284 1809 civitatis).

108 1835 292 1922 Πρόξενος,
330 1841 386 1918 qui
420 1839 628 1920 eligebatur,
664 1830 850 1920 apostotos
882 1839 1005 1904 civium
1037 1839 1109 1902 eius
1134 1839 1285 1903 civitatis

108 1947 224 2028 fiebat,
262 1949 357 2011 cuius
382 1954 456 2010 erat
480 1939 645 2024 πρόξενος.
693 1945 802 2010 Erant
826 1953 936 2010 autem
959 1946 1141 2025 proxeniae
1166 1945 1207 2009 ad
1231 1963 1286 2009 res

108 2074 234 2138 sacras,
271 2053 310 2118 ad
348 2054 565 2134 commercia,
602 2052 643 2116 ad
678 2051 815 2116 foedera
851 2052 1078 2118 conservanda
1103 2071 1287 2131 causasque

3 2171 4 2174 ’
109 2162 186 2226 iude
212 2169 349 2226 exortas
371 2153 533 2238 agendas
580 2160 642 2222 His
665 2178 731 2223 uon
756 2164 838 2238 opus
863 2168 938 2224 erat
962 2161 1183 2242 Bosporanis
1215 2180 1287 2226 eum

109 2271 149 2334 ab
184 2270 336 2333 omnihus
370 2269 470 2332 bellis
500 2267 641 2332 Graecis
675 2285 710 2330 se
744 2268 963 2332 abstinerent.
1011 2268 1144 2332 Foedus
1177 2277 1287 2333 autem

65 2365 68 2370 ’
112 2396 183 2440 cum
203 2376 468 2440 Atheniensibus
492 2371 653 2456 factumi)
678 2375 763 2438 nihil
787 2367 893 2438 fuisse
917 2383 997 2453 puto
1022 2377 1088 2440 nisi
1113 2376 1288 2440 formulam

111 2477 338 2548 honorariam.
388 2481 439 2546 Ad
471 2500 568 2545 saera
592 2489 702 2545 autem
726 2463 850 2545 tuenda
873 2483 1053 2560 proxenias
1078 2484 1113 2546 iu
1136 2484 1288 2560 Bosporo

113 2591 360 2655 constituerant
379 2581 469 2654 Delii
488 2597 522 2654 et
538 2589 722 2666 Delphiiil.
755 2589 979 2652 Athenienses
996 2597 1105 2653 autem
1124 2608 1290 2668 proxenos

112 2699 159 2762 ibi
193 2698 306 2761 nullos
339 2697 523 2777 habebant,
554 2683 661 2774 neque
697 2684 779 2774 opus
812 2695 855 2759 iis
881 2705 969 2776 erat,
1003 2715 1075 2760 cum
1099 2715 1199 2774 reges
1224 2697 1289 2774 ipsi

113 2807 321 2870 Athenarum
348 2805 439 2869 cives
464 2811 586 2868 essent.
635 2787 853 2880 Spartocidae
878 2804 944 2882 ipsi
969 2823 1099 2883 quoque
1124 2821 1290 2882 proxenos

113 2913 290 2990 creabant,
330 2909 417 2990 qnod
458 2911 592 2988 saepius
630 2909 751 2974 fecisse
792 2896 954 2989 tyrannos
990 2929 1120 2990 quoque
1154 2929 1195 2976 cx
1231 2929 1290 2974 suo

114 3019 258 3082 arbitrio
294 3007 475 3097 regnantes
512 3015 698 3100 constat4),
738 3018 833 3083 velut
868 3017 1115 3108 Puerisades-I
1148 3016 1290 3100 Amisi5)

116 3133 149 3212 et
174 3123 434 3205 Chalcedonessl,
467 3123 525 3187 sed
555 3125 697 3188 Athenis
733 3125 866 3188 minime
899 3125 1079 3204 eademque
1116 3143 1156 3188 ex
1193 3143 1293 3189 eausa

115 3209 156 3295 eir
213 3249 277 3309 qua
317 3231 540 3319 Athenienses
595 3250 661 3294 non
708 3229 871 3296 fecerunt.
935 3232 1075 3296 Licebat
1123 3233 1209 3296 enim
1249 3234 1292 3297 iis

118 3339 260 3402 Athenis
278 3336 351 3402 'res
385 3328 462 3427 suas
493 3346 643 3403 tractare
675 3319 735 3416 per
769 3323 938 3417 quoslibet
968 3336 1108 3421 virosi).
1164 3339 1227 3404 Sed
1259 3341 1293 3404 in

229 3534 254 3600 1)
274 3533 307 3586 cl.
329 3533 486 3598 Monoecus,
506 3530 547 3584 les
566 3532 708 3598 proxeuies
727 3519 866 3598 sirecques
885 3547 909 3598 p.
933 3535 1008 3598 lsqq.

226 3625 254 3684 2)
273 3622 337 3688 Syll.
360 3623 418 3676 140.
438 3629 554 3694 βοηθεῖν
574 3624 657 3676 παντὶ
677 3621 772 3676 σθένει
790 3624 835 3674 καὶ
854 3617 923 3675 κατὰ
939 3620 992 3692 γῆν
1004 3624 1051 3676 καὶ
1063 3616 1133 3676 κατὰ
1145 3616 1295 3678 θάλατταν.

228 3713 255 3764 31
276 3712 423 3764 Monceaux
447 3711 464 3764 l
488 3710 506 3764 l.
532 3711 638 3778 205sq.
671 3709 794 3764 (laterum
823 3709 881 3762 Deli
906 3709 992 3763 forum
1018 3711 1212 3779 mancipiorum
1237 3717 1295 3765 erat

49 3865 60 3888 ·
122 3815 274 3854 maximum.

228 3893 257 3954 4)
277 3889 294 3944 l.
315 3888 332 3943 l.
352 3890 453 3956 deasq.

228 3981 256 4048 b)
275 3979 293 4032 l.
313 3979 330 4032 l.
351 3979 411 4033 206.
431 4001 465 4022 =
486 3977 546 4032 Lat.
560 3979 589 4032 II
609 3979 621 4038 l
643 3994 665 4032 c.
684 3987 740 4031 not.
778 3979 810 4032 Iu
830 3978 880 4032 hoc
899 3978 981 4032 titula
1000 3979 1152 4046 halyschev
1171 3995 1206 4033 an
1225 3988 1298 4034 recto

122 4063 296 4141 θεράπουσίν
321 4068 500 4136 suppleverit,
526 4066 627 4122 dubito.
665 4067 735 4121 Num
762 4069 830 4122 enim
857 4067 927 4122 servi
953 4083 1058 4136 quoque
1083 4068 1233 4142 προξενίαν
1252 4073 1298 4124 καὶ

124 4143 251 4214 arelaten
276 4156 466 4226 accipiebant?
489 4157 573 4211 Tituli
598 4163 690 4212 autem
716 4157 776 4211 Lat.
802 4158 860 4212 Is.
880 4159 905 4212 9;
926 4158 994 4211 nihil
1012 4157 1140 4227 probant,
1165 4158 1236 4226 quod
1255 4175 1299 4212 ex·

124 4245 232 4300 hibent:
253 4240 405 4323 χρημᾶτων
424 4235 461 4302 ὧν
481 4241 515 4301 ἂν
535 4241 682 4320 εἰσάγωσιν
701 4287 708 4302 .
729 4287 735 4300 .
755 4241 935 4320 θεράποντες.
959 4252 961 4256 ’
1005 4321 1007 4325 ι

232 4337 260 4400 6)
279 4337 340 4391 Lar.
359 4337 387 4390 II
406 4338 422 4389 2
443 4334 477 4390 cf.
495 4337 521 4390 3.

233 4427 260 4494 7)
279 4427 361 4479 Isocr.
381 4425 494 4494 Trapez.
520 4425 618 4493 ἕδεα.
644 4433 699 4485 τοῖς
724 4420 829 4481 e'vdrt'ds
855 4424 1034 4500 ἐπιδημοῦσιν
1058 4425 1088 4480 ἐκ
1112 4425 1159 4480 τοῦ
1184 4423 1299 4484 Πόντου.
