3156 5080
775 478 971 540 ,6-

286 665 481 734 coniuuctas
523 669 687 736 dilaceret
727 687 887 737 annorum
927 672 1054 738 ordine.
1109 675 1232 740 Hausit
1262 682 1372 741 autem
1403 696 1468 743 sua

285 775 454 842 Diodorus
493 779 689 856 saepissime
728 798 770 844 ex
806 781 1039 846 chronicorum
1076 783 1317 866 scriptoribus,
1357 803 1467 862 pauca

284 891 414 948 tantum
448 903 489 949 ex
519 885 756 952 disertioribus
788 889 901 952 nescio
927 889 1047 968 quibus
1071 891 1324 956 narrationibus
1348 893 1466 972 singu-

286 991 392 1055 larum
421 1009 534 1056 rerum
557 993 652 1058 velut
675 993 799 1058 bellum
825 993 864 1058 de
889 996 1102 1060 successione
1126 1015 1211 1060 anno
1237 1016 1266 1060 1.
1294 997 1371 1063 (ihr.
1398 1004 1463 1063 309

287 1106 419 1178 gestum
444 1095 479 1180 (l.
497 1097 587 1184 XX).
636 1099 700 1165 Sed
736 1119 809 1166 cum
837 1120 941 1166 annos
973 1110 1143 1181 computet
1176 1111 1210 1168 et
1234 1105 1274 1168 ab
1300 1105 1463 1185 olympia-

286 1204 383 1269 dibus
428 1214 462 1271 et
505 1207 546 1270 ab
584 1209 801 1272 archontibus
833 1209 1096 1274 Atheniensibus
1130 1217 1165 1274 et
1195 1211 1236 1274 ab
1268 1213 1462 1278 consulibus

282 1312 457 1390 Romanis,
490 1314 555 1378 iam
587 1314 663 1378 inde
696 1315 904 1380 differentias
934 1335 1094 1380 annorum
1118 1317 1267 1382 minores
1293 1319 1461 1384 exsistere

283 1427 427 1497 oportet.
475 1421 604 1486 Deinde
629 1440 669 1486 ea
692 1440 777 1500 quae
794 1422 947 1501 dispersa
964 1423 1004 1487 de
1020 1441 1137 1502 regum
1155 1426 1250 1488 annis
1267 1435 1461 1510 narrantur,

286 1545 326 1590 ex
349 1545 467 1607 regum
491 1529 628 1593 tabellis
653 1530 900 1608 antiquioribus
924 1531 1047 1608 raptim
1064 1539 1099 1596 et
1114 1531 1336 1611 neglegenter
1352 1526 1461 1611 petita

283 1642 383 1716 sunt,
416 1635 474 1699 ubi
499 1636 586 1700 aliae
609 1655 665 1700 res
691 1638 935 1715 componendae
959 1638 1067 1702 locum
1092 1636 1258 1723 dabant1).
1305 1641 1459 1724 Accedit,

280 1747 318 1805 ut
341 1739 415 1806 fons
440 1743 513 1807 eius
537 1744 749 1825 praecipuus,
773 1744 1001 1822 Apollodorus
1025 1753 1063 1810 ut
1078 1745 1224 1827 videtur,
1249 1747 1458 1826 olympiades

279 1866 346 1912 non
392 1848 666 1934 numeraveris).
728 1851 847 1930 Itaque
896 1871 968 1917 cum
1012 1861 1170 1918 auctores
1210 1854 1275 1932 ipsi
1315 1855 1458 1920 Diodori
1575 1943 1576 1948 ἵ

283 1957 402 2033 optimi
433 1955 577 2040 fuerint,
613 1965 725 2022 tamen
759 1959 955 2038 neglegenti
991 1961 1064 2024 eius
1100 1959 1282 2038 rapiditate
1320 1980 1453 2028 errores

280 2064 452 2128 exstitisse
476 2065 635 2130 videntur
659 2067 693 2130 in
710 2067 805 2130 anuis
821 2066 1044 2149 numerandis,
1069 2067 1103 2132 id
1120 2067 1207 2146 quod
1224 2069 1455 2147 Volquardsen

284 2187 343 2234 sno
368 2172 442 2235 iure
466 2172 502 2236 in
525 2173 632 2236 lucem
656 2170 806 2254 1111111).
854 2173 906 2238 Ad
930 2192 1013 2252 quos
1037 2155 1144 2252 ipsius
1161 2175 1302 2240 Diodori
1319 2192 1452 2239 errores
1472 2220 1474 2226 -

279 2278 442 2343 accedunt
472 2280 577 2344 multo
609 2280 723 2358 plures
759 2280 985 2346 librariorum.
1032 2281 1185 2360 Denique
1218 2301 1290 2347 cum
1326 2283 1389 2346 iam
1419 2282 1455 2346 in
1575 2267 1576 2326 Ῐ

278 2386 449 2464 prioribus
484 2387 583 2452 libris
616 2387 755 2451 lacunae
788 2393 822 2451 et
855 2388 959 2452 verba
988 2389 1174 2454 scribarum
1206 2389 1378 2467 imperitia
1403 2390 1452 2452 in-

279 2493 416 2571 quinata
447 2512 513 2557 non
539 2493 663 2576 desint,
696 2501 767 2559 tum
792 2493 869 2558 iude
894 2514 913 2558 1
937 2495 1025 2559 libro
1050 2497 1211 2561 vicesimo
1236 2497 1343 2572 primo
1368 2497 1456 2560 nihil
1575 2487 1576 2512 ³

277 2600 343 2664 nisi
384 2598 573 2678 fragmenta
608 2609 667 2666 aut
700 2608 859 2679 excerpta
900 2609 1034 2667 exstant
1066 2621 1174 2681 neque
1207 2603 1382 2681 quicquam
1415 2603 1455 2667 de
1496 2591 1498 2595 ⁴
1575 2669 1576 2682 ,

277 2709 425 2786 Bospori
448 2709 549 2772 rebus
573 2707 721 2772 traditur
745 2709 786 2772 ab
811 2727 896 2772 anno
922 2709 1061 2774 circiter
1085 2715 1148 2773 303
1166 2729 1195 2773 a.
1214 2709 1290 2774 Chr.
1335 2709 1454 2788 Itaque
1575 2687 1576 2748 1

279 2815 439 2880 memoria
462 2822 634 2879 teneamus
659 2815 694 2879 id
718 2815 805 2894 quod
828 2816 946 2896 Heyne
971 2815 1054 2881 dicit
1079 2813 1132 2898 (de
1156 2814 1239 2881 font.
1258 2817 1336 2881 hist.
1354 2816 1454 2881 Diod.

281 2921 369 2998 apud
383 2921 590 2986 ¹Dindoer
614 2941 645 3000 p.
664 2921 822 2998 Cxxrh:
855 2941 951 3003 „cum
975 2922 1102 3000 pudore
1126 2941 1165 2986 ac
1189 2922 1354 2987 modestia
1377 2941 1453 2988 ver·
1575 2967 1576 2978 .

278 3028 414 3093 sandum
460 3047 533 3093 esse
573 3029 608 3092 in
647 3029 690 3093 iis
729 3030 903 3111 historiis,
951 3047 1090 3108 quarum
1129 3029 1179 3092 nil
1217 3036 1454 3108 praeterquam
1575 3073 1576 3082 ÷

276 3133 465 3214 fragmenta
493 3137 669 3218 habemuS,
704 3154 809 3215 eaque
833 3144 969 3202 servata
993 3136 1095 3200 iniis
1119 3136 1360 3217 scriptoribus,
1395 3137 1453 3215 qui

277 3260 318 3306 ex
342 3242 567 3320 scriptoribus
592 3242 712 3307 dudum
735 3243 879 3321 perditis
904 3261 964 3307 sua
987 3240 1190 3325 petierant‘,

383 3386 525 3450 Praeter
563 3385 747 3450 Diodorum
783 3385 989 3464 aliquantum
1025 3385 1123 3463 plura
1157 3385 1285 3450 tradita
1318 3393 1395 3450 sunt
1431 3405 1451 3450 a

277 3493 459 3572 Polyaeno.
522 3491 625 3557 Cuius
671 3500 914 3572 strategemata
951 3492 1067 3557 variae
1106 3493 1324 3557 auctoritatis
1363 3499 1450 3557 sunt.

275 3599 374 3664 Modo
418 3600 504 3663 enim
544 3617 585 3664 ex
622 3601 757 3684 optimis
795 3599 990 3663 auctoribus
1021 3606 1152 3677 sumpta
1186 3616 1260 3663 esse
1292 3599 1452 3664 videntur

274 3708 482 3786 maximeque
515 3706 578 3770 fide
610 3706 712 3786 digua
743 3713 837 3786 sunt,
873 3705 969 3769 modo
1002 3724 1043 3769 ex
1077 3706 1229 3770 obscuris
1254 3705 1450 3785 quibusdam

276 3815 494 3880 collectaneis
517 3814 659 3890 aliorum
684 3813 851 3877 hominum
876 3813 1068 3892 ignotorum
1091 3811 1260 3877 duxerunt
1283 3831 1322 3876 ac
1344 3830 1450 3891 paene

275 3922 362 3986 nihil
394 3922 518 3988 valent.
571 3921 621 3985 De
650 3920 795 3999 singulis
826 3921 1034 3998 singulorum
1067 3921 1229 3984 librorum
1262 3927 1297 3984 ct
1328 3927 1449 3984 strate·
1574 3901 1576 3918 ³

274 4037 441 4108 gematum
464 4027 614 4093 fontibus
640 4025 804 4110 11111111,
829 4046 914 4106 quac
939 4028 1113 4093 subtiliter
1137 4035 1171 4091 et
1195 4033 1293 4091 acute
1317 4027 1448 4090 Melber

383 4259 409 4321 1)
428 4255 631 4324 Volquardaen,
658 4255 767 4313 Unters.
792 4255 859 4310 iiber
886 4256 912 4311 d.
932 4255 1047 4323 Quellen
1066 4255 1180 4310 Diodors
1199 4255 1341 4310 XI-XVI
1359 4230 1448 4324 phil).

380 4348 407 4414 a)
426 4347 444 4400 1.
463 4347 482 4400 1.
502 4363 527 4414 p.
542 4348 577 4400 14
587 4361 626 4413 sq.
1416 4320 1452 4403 X

379 4437 407 4506 3)
425 4436 443 4491 l.
462 4436 481 4490 L
500 4447 526 4505 p.
539 4437 695 4503 1111111
716 4464 748 4473 -
768 4453 794 4504 p.
809 4437 868 4491 120.
