<?xml version="1.0" encoding="UTF-8"?>
<!DOCTYPE html PUBLIC "-//W3C//DTD XHTML 1.0 Transitional//EN"
    "http://www.w3.org/TR/xhtml1/DTD/xhtml1-transitional.dtd">
<html xmlns="http://www.w3.org/1999/xhtml" xml:lang="en" lang="en">
 <head>
  <title>
</title>
<meta http-equiv="Content-Type" content="text/html;charset=utf-8" />
  <meta name='ocr-system' content='tesseract 3.04.00' />
  <meta name='ocr-capabilities' content='ocr_page ocr_carea ocr_par ocr_line ocrx_word'/>
</head>
<body>
  <div class='ocr_page' id='page_1' title='image "./deregnobosporan00ortmgoog_0033.png"; bbox 0 0 3156 5080; ppageno 0'>
   <div class='ocr_carea' id='block_1_1' title="bbox 640 499 857 557">
    <p class='ocr_par' dir='ltr' id='par_1_1' title="bbox 640 499 857 557">
     <span class='ocr_line' id='line_1_1' title="bbox 640 499 857 557; baseline 0 -21"><span class='ocrx_word' id='word_1_1' title='bbox 640 499 857 557; x_wconf 67' lang='lat'>..29-„</span> 
     </span>
    </p>
   </div>
   <div class='ocr_carea' id='block_1_2' title="bbox 78 687 1337 4198">
    <p class='ocr_par' dir='ltr' id='par_1_2' title="bbox 155 687 1337 1412">
     <span class='ocr_line' id='line_1_2' title="bbox 155 687 1336 765; baseline -0.003 -11"><span class='ocrx_word' id='word_1_2' title='bbox 155 691 262 756; x_wconf 89' lang='lat' dir='ltr'>liceat</span> <span class='ocrx_word' id='word_1_3' title='bbox 313 691 396 754; x_wconf 91' lang='lat' dir='ltr'>mihi</span> <span class='ocrx_word' id='word_1_4' title='bbox 443 690 595 755; x_wconf 83' lang='lat' dir='ltr'>breviter</span> <span class='ocrx_word' id='word_1_5' title='bbox 640 707 823 753; x_wconf 89' lang='lat' dir='ltr'>memorare</span> <span class='ocrx_word' id='word_1_6' title='bbox 864 687 1081 765; x_wconf 83' lang='lat' dir='ltr'>Spartocidas</span> <span class='ocrx_word' id='word_1_7' title='bbox 1121 705 1253 764; x_wconf 78' lang='lat' dir='ltr'>semper</span> <span class='ocrx_word' id='word_1_8' title='bbox 1292 688 1336 751; x_wconf 88' lang='lat' dir='ltr'>iis</span> 
     </span>
     <span class='ocr_line' id='line_1_3' title="bbox 155 788 1337 878; baseline -0.007 -17"><span class='ocrx_word' id='word_1_9' title='bbox 155 799 324 862; x_wconf 88' lang='lat' dir='ltr'>nominari</span> <span class='ocrx_word' id='word_1_10' title='bbox 364 791 523 878; x_wconf 76' lang='grc' dir='ltr'><strong><em>ἄρχοντας</em></strong></span> <span class='ocrx_word' id='word_1_11' title='bbox 560 797 706 875; x_wconf 85' lang='lat' dir='ltr'>Bospori</span> <span class='ocrx_word' id='word_1_12' title='bbox 745 803 779 860; x_wconf 90' lang='lat' dir='ltr'>et</span> <span class='ocrx_word' id='word_1_13' title='bbox 818 794 1047 875; x_wconf 73' lang='lat' dir='ltr'>Theudosiae‚</span> <span class='ocrx_word' id='word_1_14' title='bbox 1103 788 1337 876; x_wconf 77' lang='grc' dir='ltr'>βαριλεύοοιας</span> 
     </span>
     <span class='ocr_line' id='line_1_4' title="bbox 156 900 1335 984; baseline -0.003 -16"><span class='ocrx_word' id='word_1_15' title='bbox 156 904 335 981; x_wconf 80' lang='lat' dir='ltr'>Sindonum</span> <span class='ocrx_word' id='word_1_16' title='bbox 361 911 628 982; x_wconf 88' lang='lat' dir='ltr'>ceterorumque.</span> <span class='ocrx_word' id='word_1_17' title='bbox 677 903 880 984; x_wconf 80' lang='lat' dir='ltr'><strong>Quamquam</strong></span> <span class='ocrx_word' id='word_1_18' title='bbox 908 901 947 966; x_wconf 92' lang='lat' dir='ltr'>de</span> <span class='ocrx_word' id='word_1_19' title='bbox 965 902 1120 966; x_wconf 90' lang='lat' dir='ltr'>Leucone</span> <span class='ocrx_word' id='word_1_20' title='bbox 1145 903 1208 965; x_wconf 87' lang='lat' dir='ltr'>hoc</span> <span class='ocrx_word' id='word_1_21' title='bbox 1232 900 1335 965; x_wconf 88' lang='lat' dir='ltr'>tradi·</span> 
     </span>
     <span class='ocr_line' id='line_1_5' title="bbox 156 1009 1335 1091; baseline -0.004 -16"><span class='ocrx_word' id='word_1_22' title='bbox 156 1018 229 1075; x_wconf 93' lang='lat' dir='ltr'>tum</span> <span class='ocrx_word' id='word_1_23' title='bbox 260 1019 313 1076; x_wconf 88' lang='lat' dir='ltr'>est</span> <span class='ocrx_word' id='word_1_24' title='bbox 344 1012 469 1091; x_wconf 83' lang='lat' dir='ltr'>primo,</span> <span class='ocrx_word' id='word_1_25' title='bbox 510 1017 621 1074; x_wconf 88' lang='lat' dir='ltr'>tamen</span> <span class='ocrx_word' id='word_1_26' title='bbox 651 1029 717 1074; x_wconf 92' lang='lat' dir='ltr'>non</span> <span class='ocrx_word' id='word_1_27' title='bbox 751 1009 885 1089; x_wconf 83' lang='lat' dir='ltr'>dubito,</span> <span class='ocrx_word' id='word_1_28' title='bbox 927 1009 1007 1087; x_wconf 89' lang='lat' dir='ltr'>quin</span> <span class='ocrx_word' id='word_1_29' title='bbox 1042 1009 1174 1087; x_wconf 84' lang='lat' dir='ltr'>priores</span> <span class='ocrx_word' id='word_1_30' title='bbox 1205 1025 1335 1086; x_wconf 88' lang='lat' dir='ltr'>quoque</span> 
     </span>
     <span class='ocr_line' id='line_1_6' title="bbox 158 1114 1336 1196; baseline -0.004 -14"><span class='ocrx_word' id='word_1_31' title='bbox 158 1119 357 1182; x_wconf 76' lang='lat' dir='ltr'>archontum</span> <span class='ocrx_word' id='word_1_32' title='bbox 383 1116 651 1181; x_wconf 75' lang='lat' dir='ltr'>denominatione</span> <span class='ocrx_word' id='word_1_33' title='bbox 676 1117 787 1196; x_wconf 82' lang='lat' dir='ltr'>gavisi</span> <span class='ocrx_word' id='word_1_34' title='bbox 812 1117 881 1180; x_wconf 93' lang='lat' dir='ltr'>sint</span> <span class='ocrx_word' id='word_1_35' title='bbox 905 1122 1045 1193; x_wconf 87' lang='lat' dir='ltr'>excepto</span> <span class='ocrx_word' id='word_1_36' title='bbox 1071 1115 1204 1179; x_wconf 88' lang='lat' dir='ltr'>scilicet</span> <span class='ocrx_word' id='word_1_37' title='bbox 1228 1114 1336 1178; x_wconf 76' lang='lat' dir='ltr'>Theu-</span> 
     </span>
     <span class='ocr_line' id='line_1_7' title="bbox 157 1221 1334 1304; baseline -0.003 -16"><span class='ocrx_word' id='word_1_38' title='bbox 157 1223 273 1288; x_wconf 89' lang='lat' dir='ltr'>dosiae</span> <span class='ocrx_word' id='word_1_39' title='bbox 306 1225 466 1304; x_wconf 86' lang='lat' dir='ltr'>imperio,</span> <span class='ocrx_word' id='word_1_40' title='bbox 502 1223 658 1302; x_wconf 88' lang='lat' dir='ltr'>quamdiu</span> <span class='ocrx_word' id='word_1_41' title='bbox 692 1241 731 1287; x_wconf 93' lang='lat' dir='ltr'>ea</span> <span class='ocrx_word' id='word_1_42' title='bbox 763 1223 885 1288; x_wconf 89' lang='lat' dir='ltr'>civitas</span> <span class='ocrx_word' id='word_1_43' title='bbox 916 1221 1059 1286; x_wconf 92' lang='lat' dir='ltr'>nondum</span> <span class='ocrx_word' id='word_1_44' title='bbox 1087 1223 1228 1285; x_wconf 86' lang='lat' dir='ltr'>subacta</span> <span class='ocrx_word' id='word_1_45' title='bbox 1251 1229 1334 1286; x_wconf 90' lang='lat' dir='ltr'>erat.</span> 
     </span>
     <span class='ocr_line' id='line_1_8' title="bbox 156 1329 810 1412; baseline 0 -18"><span class='ocrx_word' id='word_1_46' title='bbox 156 1332 273 1410; x_wconf 90' lang='lat' dir='ltr'>Neque</span> <span class='ocrx_word' id='word_1_47' title='bbox 298 1332 400 1412; x_wconf 89' lang='lat' dir='ltr'>aliter</span> <span class='ocrx_word' id='word_1_48' title='bbox 424 1329 723 1396; x_wconf 86' lang='lat' dir='ltr'>Archeanactidae.</span> <span class='ocrx_word' id='word_1_49' title='bbox 807 1357 810 1362; x_wconf 89' lang='lat'><em>·</em></span> 
     </span>
    </p>

    <p class='ocr_par' dir='ltr' id='par_1_3' title="bbox 78 1435 1337 4198">
     <span class='ocr_line' id='line_1_9' title="bbox 266 1435 1335 1518; baseline -0.005 -15"><span class='ocrx_word' id='word_1_50' title='bbox 266 1439 306 1503; x_wconf 91' lang='lat' dir='ltr'>In</span> <span class='ocrx_word' id='word_1_51' title='bbox 330 1439 482 1516; x_wconf 88' lang='lat' dir='ltr'>Bosporo</span> <span class='ocrx_word' id='word_1_52' title='bbox 516 1438 625 1515; x_wconf 84' lang='lat' dir='ltr'>igitur</span> <span class='ocrx_word' id='word_1_53' title='bbox 657 1439 733 1516; x_wconf 87' lang='lat' dir='ltr'>regi</span> <span class='ocrx_word' id='word_1_54' title='bbox 757 1438 879 1518; x_wconf 84' lang='lat' dir='ltr'>Satyro</span> <span class='ocrx_word' id='word_1_55' title='bbox 905 1443 1035 1500; x_wconf 89' lang='lat' dir='ltr'>mortuo</span> <span class='ocrx_word' id='word_1_56' title='bbox 1060 1435 1150 1499; x_wconf 90' lang='lat' dir='ltr'>filius</span> <span class='ocrx_word' id='word_1_57' title='bbox 1174 1436 1335 1498; x_wconf 91' lang='lat' dir='ltr'>maximus</span> 
     </span>
     <span class='ocr_line' id='line_1_10' title="bbox 156 1540 1335 1625; baseline -0.003 -17"><span class='ocrx_word' id='word_1_58' title='bbox 156 1553 239 1609; x_wconf 92' lang='lat' dir='ltr'>natu</span> <span class='ocrx_word' id='word_1_59' title='bbox 263 1546 375 1609; x_wconf 86' lang='lat' dir='ltr'>Leuco</span> <span class='ocrx_word' id='word_1_60' title='bbox 400 1545 570 1609; x_wconf 89' lang='lat' dir='ltr'>successit</span> <span class='ocrx_word' id='word_1_61' title='bbox 587 1540 800 1625; x_wconf 74' lang='lat' dir='ltr'>(ast-347).</span> <span class='ocrx_word' id='word_1_62' title='bbox 848 1543 882 1608; x_wconf 91' lang='lat' dir='ltr'>Is</span> <span class='ocrx_word' id='word_1_63' title='bbox 899 1542 1089 1608; x_wconf 88' lang='lat' dir='ltr'>hereditate</span> <span class='ocrx_word' id='word_1_64' title='bbox 1107 1542 1246 1621; x_wconf 88' lang='lat' dir='ltr'>quadam</span> <span class='ocrx_word' id='word_1_65' title='bbox 1263 1560 1335 1605; x_wconf 90' lang='lat' dir='ltr'>cum</span> 
     </span>
     <span class='ocr_line' id='line_1_11' title="bbox 156 1649 1335 1730; baseline -0.003 -14"><span class='ocrx_word' id='word_1_66' title='bbox 156 1654 286 1716; x_wconf 87' lang='lat' dir='ltr'>maiore</span> <span class='ocrx_word' id='word_1_67' title='bbox 303 1652 449 1730; x_wconf 86' lang='lat' dir='ltr'>Bospori</span> <span class='ocrx_word' id='word_1_68' title='bbox 475 1659 572 1730; x_wconf 92' lang='lat' dir='ltr'>parte</span> <span class='ocrx_word' id='word_1_69' title='bbox 597 1652 730 1729; x_wconf 92' lang='lat' dir='ltr'>accepit</span> <span class='ocrx_word' id='word_1_70' title='bbox 753 1650 877 1714; x_wconf 90' lang='lat' dir='ltr'>bellum</span> <span class='ocrx_word' id='word_1_71' title='bbox 894 1649 1162 1714; x_wconf 78' lang='lat' dir='ltr'>Theudosianum</span> <span class='ocrx_word' id='word_1_72' title='bbox 1187 1656 1221 1714; x_wconf 88' lang='lat' dir='ltr'>et</span> <span class='ocrx_word' id='word_1_73' title='bbox 1245 1667 1335 1726; x_wconf 90' lang='lat' dir='ltr'>spem</span> 
     </span>
     <span class='ocr_line' id='line_1_12' title="bbox 158 1755 1337 1841; baseline -0.003 -18"><span class='ocrx_word' id='word_1_74' title='bbox 158 1759 337 1841; x_wconf 41' lang='lat' dir='ltr'>‚Sindorum</span> <span class='ocrx_word' id='word_1_75' title='bbox 374 1757 456 1822; x_wconf 87' lang='lat' dir='ltr'>fines</span> <span class='ocrx_word' id='word_1_76' title='bbox 487 1757 693 1836; x_wconf 89' lang='lat' dir='ltr'>acquirendi.</span> <span class='ocrx_word' id='word_1_77' title='bbox 748 1757 837 1822; x_wconf 90' lang='lat' dir='ltr'>lllud</span> <span class='ocrx_word' id='word_1_78' title='bbox 867 1757 999 1836; x_wconf 93' lang='lat' dir='ltr'>quidem</span> <span class='ocrx_word' id='word_1_79' title='bbox 1032 1757 1195 1820; x_wconf 90' lang='lat' dir='ltr'>acerrime</span> <span class='ocrx_word' id='word_1_80' title='bbox 1229 1755 1337 1833; x_wconf 84' lang='lat' dir='ltr'>gessit</span> 
     </span>
     <span class='ocr_line' id='line_1_13' title="bbox 155 1849 1336 1945; baseline -0.003 -14"><span class='ocrx_word' id='word_1_81' title='bbox 155 1849 289 1933; x_wconf 75' lang='lat' dir='ltr'>uiribus</span> <span class='ocrx_word' id='word_1_82' title='bbox 313 1885 376 1930; x_wconf 94' lang='lat' dir='ltr'>non</span> <span class='ocrx_word' id='word_1_83' title='bbox 403 1867 467 1930; x_wconf 92' lang='lat' dir='ltr'>iam</span> <span class='ocrx_word' id='word_1_84' title='bbox 494 1865 639 1930; x_wconf 91' lang='lat' dir='ltr'>diductis</span> <span class='ocrx_word' id='word_1_85' title='bbox 664 1873 764 1944; x_wconf 92' lang='lat' dir='ltr'>atque</span> <span class='ocrx_word' id='word_1_86' title='bbox 783 1864 1160 1945; x_wconf 83' lang='lat' dir='ltr'>cepitTheudosiam1)‚</span> <span class='ocrx_word' id='word_1_87' title='bbox 1185 1863 1336 1942; x_wconf 90' lang='lat' dir='ltr'>quamvis</span> 
     </span>
     <span class='ocr_line' id='line_1_14' title="bbox 156 1971 1336 2051; baseline -0.004 -13"><span class='ocrx_word' id='word_1_88' title='bbox 156 1975 260 2038; x_wconf 87' lang='lat' dir='ltr'>etiam</span> <span class='ocrx_word' id='word_1_89' title='bbox 289 1983 359 2038; x_wconf 91' lang='lat' dir='ltr'>tum</span> <span class='ocrx_word' id='word_1_90' title='bbox 392 1975 433 2037; x_wconf 89' lang='lat' dir='ltr'>ab</span> <span class='ocrx_word' id='word_1_91' title='bbox 458 1973 671 2038; x_wconf 89' lang='lat' dir='ltr'>Heracleotis</span> <span class='ocrx_word' id='word_1_92' title='bbox 696 1973 853 2038; x_wconf 91' lang='lat' dir='ltr'>adiutam.</span> <span class='ocrx_word' id='word_1_93' title='bbox 901 1973 970 2036; x_wconf 89' lang='lat' dir='ltr'>Nec</span> <span class='ocrx_word' id='word_1_94' title='bbox 995 1971 1129 2035; x_wconf 90' lang='lat' dir='ltr'>dubium</span> <span class='ocrx_word' id='word_1_95' title='bbox 1154 1978 1222 2051; x_wconf 86' lang='lat' dir='ltr'>est,</span> <span class='ocrx_word' id='word_1_96' title='bbox 1257 1971 1336 2050; x_wconf 91' lang='lat' dir='ltr'>quin</span> 
     </span>
     <span class='ocr_line' id='line_1_15' title="bbox 157 2078 1335 2162; baseline -0.004 -17"><span class='ocrx_word' id='word_1_97' title='bbox 157 2083 333 2146; x_wconf 90' lang='lat' dir='ltr'>civitatem</span> <span class='ocrx_word' id='word_1_98' title='bbox 365 2080 670 2162; x_wconf 70' lang='lat' dir='ltr'>proscriptionibus</span> <span class='ocrx_word' id='word_1_99' title='bbox 703 2087 761 2144; x_wconf 89' lang='lat' dir='ltr'>aut</span> <span class='ocrx_word' id='word_1_100' title='bbox 794 2079 925 2143; x_wconf 76' lang='lat' dir='ltr'>exsiliis</span> <span class='ocrx_word' id='word_1_101' title='bbox 957 2079 1091 2156; x_wconf 87' lang='lat' dir='ltr'>penitus</span> <span class='ocrx_word' id='word_1_102' title='bbox 1124 2078 1335 2157; x_wconf 86' lang='lat' dir='ltr'>purgaverit,</span> 
     </span>
     <span class='ocr_line' id='line_1_16' title="bbox 157 2183 1336 2267; baseline -0.004 -15"><span class='ocrx_word' id='word_1_103' title='bbox 157 2195 340 2267; x_wconf 90' lang='lat' dir='ltr'>propterea</span> <span class='ocrx_word' id='word_1_104' title='bbox 376 2187 462 2266; x_wconf 89' lang='lat' dir='ltr'>quod</span> <span class='ocrx_word' id='word_1_105' title='bbox 498 2195 575 2266; x_wconf 93' lang='lat' dir='ltr'>post</span> <span class='ocrx_word' id='word_1_106' title='bbox 611 2187 812 2251; x_wconf 84' lang='lat' dir='ltr'>inimicitiae</span> <span class='ocrx_word' id='word_1_107' title='bbox 848 2187 896 2251; x_wconf 91' lang='lat' dir='ltr'>ibi</span> <span class='ocrx_word' id='word_1_108' title='bbox 933 2193 1027 2250; x_wconf 89' lang='lat' dir='ltr'>ortae</span> <span class='ocrx_word' id='word_1_109' title='bbox 1062 2205 1128 2249; x_wconf 95' lang='lat' dir='ltr'>non</span> <span class='ocrx_word' id='word_1_110' title='bbox 1157 2183 1336 2248; x_wconf 88' lang='lat' dir='ltr'>traduntur</span> 
     </span>
     <span class='ocr_line' id='line_1_17' title="bbox 155 2287 1334 2384; baseline -0.004 -24"><span class='ocrx_word' id='word_1_111' title='bbox 155 2313 266 2374; x_wconf 87' lang='lat' dir='ltr'>neque</span> <span class='ocrx_word' id='word_1_112' title='bbox 283 2295 394 2359; x_wconf 87' lang='lat' dir='ltr'>Leuce</span> <span class='ocrx_word' id='word_1_113' title='bbox 420 2295 680 2360; x_wconf 80' lang='lat' dir='ltr'>crudelitatibus</span> <span class='ocrx_word' id='word_1_114' title='bbox 704 2295 906 2384; x_wconf 88' lang='lat' dir='ltr'>necessariis</span> <span class='ocrx_word' id='word_1_115' title='bbox 931 2293 1136 2358; x_wconf 85' lang='lat' dir='ltr'>abhorrebat</span> <span class='ocrx_word' id='word_1_116' title='bbox 1160 2287 1205 2374; x_wconf 87' lang='lat' dir='ltr'>(v.</span> <span class='ocrx_word' id='word_1_117' title='bbox 1223 2288 1334 2375; x_wconf 83' lang='lat' dir='ltr'>infra).</span> 
     </span>
     <span class='ocr_line' id='line_1_18' title="bbox 158 2400 1335 2483; baseline -0.005 -16"><span class='ocrx_word' id='word_1_118' title='bbox 158 2403 314 2483; x_wconf 83' lang='lat' dir='ltr'>Ceterum</span> <span class='ocrx_word' id='word_1_119' title='bbox 336 2402 579 2466; x_wconf 88' lang='lat' dir='ltr'>Demosthenes</span> <span class='ocrx_word' id='word_1_120' title='bbox 603 2400 711 2483; x_wconf 83' lang='lat' dir='ltr'>tradit</span> <span class='ocrx_word' id='word_1_121' title='bbox 734 2420 806 2465; x_wconf 92' lang='lat' dir='ltr'>eum</span> <span class='ocrx_word' id='word_1_122' title='bbox 824 2400 1014 2465; x_wconf 81' lang='lat' dir='ltr'>Theudosia</span> <span class='ocrx_word' id='word_1_123' title='bbox 1039 2407 1136 2478; x_wconf 91' lang='lat' dir='ltr'>capta</span> <span class='ocrx_word' id='word_1_124' title='bbox 1153 2400 1335 2477; x_wconf 92' lang='lat' dir='ltr'>emporium</span> 
     </span>
     <span class='ocr_line' id='line_1_19' title="bbox 156 2490 1334 2589; baseline -0.005 -15"><span class='ocrx_word' id='word_1_125' title='bbox 156 2510 206 2574; x_wconf 91' lang='lat' dir='ltr'>ibi</span> <span class='ocrx_word' id='word_1_126' title='bbox 239 2510 451 2574; x_wconf 76' lang='lat' dir='ltr'>instruxisse.</span> <span class='ocrx_word' id='word_1_127' title='bbox 500 2508 874 2589; x_wconf 85' lang='lat' dir='ltr'>Secundumanonymi</span> <span class='ocrx_word' id='word_1_128' title='bbox 903 2514 1013 2571; x_wconf 86' lang='lat' dir='ltr'>autem</span> <span class='ocrx_word' id='word_1_129' title='bbox 1037 2490 1162 2583; x_wconf 86' lang='lat' dir='ltr'>Peripl.</span> <span class='ocrx_word' id='word_1_130' title='bbox 1188 2507 1224 2569; x_wconf 92' lang='lat' dir='ltr'>P.</span> <span class='ocrx_word' id='word_1_131' title='bbox 1249 2506 1334 2569; x_wconf 86' lang='lat' dir='ltr'>Eux.</span> 
     </span>
     <span class='ocr_line' id='line_1_20' title="bbox 157 2606 1335 2698; baseline -0.009 -17"><span class='ocrx_word' id='word_1_132' title='bbox 157 2617 315 2698; x_wconf 86' lang='lat' dir='ltr'>oppidum</span> <span class='ocrx_word' id='word_1_133' title='bbox 340 2615 426 2680; x_wconf 92' lang='lat' dir='ltr'>illud</span> <span class='ocrx_word' id='word_1_134' title='bbox 450 2623 502 2680; x_wconf 88' lang='lat' dir='ltr'>est</span> <span class='ocrx_word' id='word_1_135' title='bbox 526 2607 654 2676; x_wconf 80' lang='grc' dir='ltr'><em>παλαιὰ</em></span> <span class='ocrx_word' id='word_1_136' title='bbox 678 2606 771 2683; x_wconf 67' lang='lat' dir='ltr'>aaa</span> <span class='ocrx_word' id='word_1_137' title='bbox 795 2607 890 2682; x_wconf 81' lang='grc' dir='ltr'><em>πόλις</em></span> <span class='ocrx_word' id='word_1_138' title='bbox 913 2615 978 2674; x_wconf 77' lang='grc' dir='ltr'>τῶν</span> <span class='ocrx_word' id='word_1_139' title='bbox 995 2611 1168 2694; x_wconf 81' lang='grc' dir='ltr'><em>Μιλησίων</em></span> <span class='ocrx_word' id='word_1_140' title='bbox 1185 2607 1335 2694; x_wconf 70' lang='grc' dir='ltr'>ἄποικος,</span> 
     </span>
     <span class='ocr_line' id='line_1_21' title="bbox 157 2711 1336 2803; baseline -0.008 -14"><span class='ocrx_word' id='word_1_141' title='bbox 157 2733 259 2803; x_wconf 92' lang='lat' dir='ltr'>atque</span> <span class='ocrx_word' id='word_1_142' title='bbox 284 2723 490 2788; x_wconf 83' lang='lat' dir='ltr'>scholiastae</span> <span class='ocrx_word' id='word_1_143' title='bbox 515 2722 556 2786; x_wconf 93' lang='lat' dir='ltr'>ad</span> <span class='ocrx_word' id='word_1_144' title='bbox 572 2723 829 2792; x_wconf 90' lang='lat' dir='ltr'>Demosthenem</span> <span class='ocrx_word' id='word_1_145' title='bbox 854 2722 959 2787; x_wconf 86' lang='lat' dir='ltr'>verba</span> <span class='ocrx_word' id='word_1_146' title='bbox 980 2727 1074 2784; x_wconf 90' lang='lat' dir='ltr'>sunt:</span> <span class='ocrx_word' id='word_1_147' title='bbox 1098 2711 1139 2785; x_wconf 75' lang='grc' dir='ltr'>τὸ,</span> <span class='ocrx_word' id='word_1_148' title='bbox 1152 2717 1213 2798; x_wconf 79' lang='grc' dir='ltr'>μὲν</span> <span class='ocrx_word' id='word_1_149' title='bbox 1228 2713 1336 2796; x_wconf 88' lang='grc' dir='ltr'><strong><em>ὄνομα</em></strong></span> 
     </span>
     <span class='ocr_line' id='line_1_22' title="bbox 156 2817 1336 2914; baseline -0.003 -22"><span class='ocrx_word' id='word_1_150' title='bbox 156 2833 202 2914; x_wconf 74' lang='grc' dir='ltr'>τῷ</span> <span class='ocrx_word' id='word_1_151' title='bbox 226 2827 377 2913; x_wconf 79' lang='grc' dir='ltr'><strong><em>ἐμπορίῳ</em></strong></span> <span class='ocrx_word' id='word_1_152' title='bbox 401 2824 421 2912; x_wconf 79' lang='grc' dir='ltr'><strong>ἥ</strong></span> <span class='ocrx_word' id='word_1_153' title='bbox 444 2823 512 2891; x_wconf 71' lang='lat' dir='ltr'>ant</span> <span class='ocrx_word' id='word_1_154' title='bbox 535 2829 590 2912; x_wconf 80' lang='grc' dir='ltr'>τῆς</span> <span class='ocrx_word' id='word_1_155' title='bbox 607 2823 747 2910; x_wconf 73' lang='grc' dir='ltr'><em>ἀδελφῆς</em></span> <span class='ocrx_word' id='word_1_156' title='bbox 762 2817 783 2911; x_wconf 78' lang='grc' dir='ltr'><em>ἢ</em></span> <span class='ocrx_word' id='word_1_157' title='bbox 801 2819 869 2890; x_wconf 83' lang='grc' dir='ltr'>αἰιὸ</span> <span class='ocrx_word' id='word_1_158' title='bbox 886 2830 942 2910; x_wconf 76' lang='grc' dir='ltr'>τῆς</span> <span class='ocrx_word' id='word_1_159' title='bbox 959 2828 1108 2910; x_wconf 77' lang='grc' dir='ltr'><strong><em>γαμετῆς·</em></strong></span> <span class='ocrx_word' id='word_1_160' title='bbox 1126 2826 1336 2907; x_wconf 76' lang='grc' dir='ltr'><em>διαφωνεῖται</em></span> 
     </span>
     <span class='ocr_line' id='line_1_23' title="bbox 78 2933 1335 3020; baseline 0 -22"><span class='ocrx_word' id='word_1_161' title='bbox 78 2957 79 2960; x_wconf 61' lang='grc'>’</span> <span class='ocrx_word' id='word_1_162' title='bbox 157 2933 263 3020; x_wconf 59' lang='grc' dir='ltr'><strong><em>γάρα).</em></strong></span> <span class='ocrx_word' id='word_1_163' title='bbox 312 2938 532 3003; x_wconf 85' lang='lat' dir='ltr'>Statuendum</span> <span class='ocrx_word' id='word_1_164' title='bbox 557 2937 664 3017; x_wconf 82' lang='lat' dir='ltr'>igitur</span> <span class='ocrx_word' id='word_1_165' title='bbox 687 2945 740 3002; x_wconf 91' lang='lat' dir='ltr'>est</span> <span class='ocrx_word' id='word_1_166' title='bbox 764 2935 919 3015; x_wconf 92' lang='lat' dir='ltr'>oppidum</span> <span class='ocrx_word' id='word_1_167' title='bbox 944 2937 1009 3000; x_wconf 92' lang='lat' dir='ltr'>iam</span> <span class='ocrx_word' id='word_1_168' title='bbox 1032 2935 1203 3014; x_wconf 89' lang='lat' dir='ltr'>antiquius</span> <span class='ocrx_word' id='word_1_169' title='bbox 1219 2934 1335 3016; x_wconf 84' lang='lat' dir='ltr'>fuisse,</span> 
     </span>
     <span class='ocr_line' id='line_1_24' title="bbox 156 3041 1335 3125; baseline -0.003 -15"><span class='ocrx_word' id='word_1_170' title='bbox 156 3046 306 3110; x_wconf 88' lang='lat' dir='ltr'>fortasse</span> <span class='ocrx_word' id='word_1_171' title='bbox 330 3045 557 3124; x_wconf 87' lang='lat' dir='ltr'>Panticapaeo</span> <span class='ocrx_word' id='word_1_172' title='bbox 590 3045 747 3125; x_wconf 83' lang='lat' dir='ltr'>aequale,</span> <span class='ocrx_word' id='word_1_173' title='bbox 785 3053 819 3110; x_wconf 89' lang='lat' dir='ltr'>et</span> <span class='ocrx_word' id='word_1_174' title='bbox 851 3043 1023 3108; x_wconf 88' lang='lat' dir='ltr'>admodum</span> <span class='ocrx_word' id='word_1_175' title='bbox 1049 3041 1213 3123; x_wconf 80' lang='lat' dir='ltr'>validum,</span> <span class='ocrx_word' id='word_1_176' title='bbox 1249 3042 1335 3121; x_wconf 92' lang='lat' dir='ltr'>quod</span> 
     </span>
     <span class='ocr_line' id='line_1_25' title="bbox 157 3149 1336 3235; baseline -0.002 -18"><span class='ocrx_word' id='word_1_177' title='bbox 157 3172 232 3218; x_wconf 90' lang='lat' dir='ltr'>cum</span> <span class='ocrx_word' id='word_1_178' title='bbox 256 3153 407 3230; x_wconf 90' lang='lat' dir='ltr'>Bosporo</span> <span class='ocrx_word' id='word_1_179' title='bbox 441 3152 497 3216; x_wconf 95' lang='lat' dir='ltr'>diu</span> <span class='ocrx_word' id='word_1_180' title='bbox 531 3153 693 3216; x_wconf 90' lang='lat' dir='ltr'>certabat.</span> <span class='ocrx_word' id='word_1_181' title='bbox 740 3149 810 3235; x_wconf 41' lang='lat' dir='ltr'>ssSed</span> <span class='ocrx_word' id='word_1_182' title='bbox 840 3169 959 3215; x_wconf 89' lang='lat' dir='ltr'>nomen</span> <span class='ocrx_word' id='word_1_183' title='bbox 983 3151 1155 3228; x_wconf 84' lang='lat' dir='ltr'>antiquum</span> <span class='ocrx_word' id='word_1_184' title='bbox 1186 3169 1251 3214; x_wconf 93' lang='lat' dir='ltr'>nou</span> <span class='ocrx_word' id='word_1_185' title='bbox 1284 3157 1336 3215; x_wconf 89' lang='lat' dir='ltr'>est</span> 
     </span>
     <span class='ocr_line' id='line_1_26' title="bbox 156 3257 1334 3338; baseline -0.002 -14"><span class='ocrx_word' id='word_1_186' title='bbox 156 3269 283 3325; x_wconf 92' lang='lat' dir='ltr'>notum.</span> <span class='ocrx_word' id='word_1_187' title='bbox 323 3261 405 3324; x_wconf 83' lang='lat' dir='ltr'>Tum</span> <span class='ocrx_word' id='word_1_188' title='bbox 422 3261 618 3337; x_wconf 89' lang='lat' dir='ltr'>Bosporano</span> <span class='ocrx_word' id='word_1_189' title='bbox 635 3277 740 3338; x_wconf 82' lang='lat' dir='ltr'>regno</span> <span class='ocrx_word' id='word_1_190' title='bbox 759 3259 946 3323; x_wconf 90' lang='lat' dir='ltr'>subiectum</span> <span class='ocrx_word' id='word_1_191' title='bbox 964 3257 1119 3336; x_wconf 91' lang='lat' dir='ltr'>oppidum</span> <span class='ocrx_word' id='word_1_192' title='bbox 1137 3259 1334 3322; x_wconf 91' lang='lat' dir='ltr'>commercio</span> 
     </span>
     <span class='ocr_line' id='line_1_27' title="bbox 158 3365 1335 3448; baseline -0.002 -16"><span class='ocrx_word' id='word_1_193' title='bbox 158 3368 385 3437; x_wconf 90' lang='lat' dir='ltr'>transmarino</span> <span class='ocrx_word' id='word_1_194' title='bbox 411 3367 581 3448; x_wconf 86' lang='lat' dir='ltr'>aperitur,</span> <span class='ocrx_word' id='word_1_195' title='bbox 606 3366 647 3430; x_wconf 92' lang='lat' dir='ltr'>ad</span> <span class='ocrx_word' id='word_1_196' title='bbox 671 3367 758 3445; x_wconf 87' lang='lat' dir='ltr'>quod</span> <span class='ocrx_word' id='word_1_197' title='bbox 782 3365 1030 3444; x_wconf 87' lang='lat' dir='ltr'>adipiscendum</span> <span class='ocrx_word' id='word_1_198' title='bbox 1055 3375 1173 3444; x_wconf 88' lang='lat' dir='ltr'>portus</span> <span class='ocrx_word' id='word_1_199' title='bbox 1197 3367 1335 3444; x_wconf 88' lang='lat' dir='ltr'>eiusque</span> 
     </span>
     <span class='ocr_line' id='line_1_28' title="bbox 160 3473 1335 3552; baseline -0.001 -14"><span class='ocrx_word' id='word_1_200' title='bbox 160 3475 237 3538; x_wconf 87' lang='lat' dir='ltr'>fora</span> <span class='ocrx_word' id='word_1_201' title='bbox 261 3473 546 3552; x_wconf 90' lang='lat' dir='ltr'>amplificarentur</span> <span class='ocrx_word' id='word_1_202' title='bbox 569 3491 707 3538; x_wconf 86' lang='lat' dir='ltr'>necesse</span> <span class='ocrx_word' id='word_1_203' title='bbox 732 3481 815 3538; x_wconf 87' lang='lat' dir='ltr'>erat.</span> <span class='ocrx_word' id='word_1_204' title='bbox 862 3473 932 3538; x_wconf 90' lang='lat' dir='ltr'>Iam</span> <span class='ocrx_word' id='word_1_205' title='bbox 950 3474 1135 3538; x_wconf 84' lang='lat' dir='ltr'>exsistebat</span> <span class='ocrx_word' id='word_1_206' title='bbox 1152 3474 1335 3552; x_wconf 91' lang='lat' dir='ltr'>emporium</span> 
     </span>
     <span class='ocr_line' id='line_1_29' title="bbox 157 3580 1335 3661; baseline -0.001 -14"><span class='ocrx_word' id='word_1_207' title='bbox 157 3581 414 3647; x_wconf 88' lang='lat' dir='ltr'>Atheniensium</span> <span class='ocrx_word' id='word_1_208' title='bbox 445 3581 587 3646; x_wconf 87' lang='lat' dir='ltr'>navibus</span> <span class='ocrx_word' id='word_1_209' title='bbox 620 3588 751 3661; x_wconf 73' lang='lat' dir='ltr'>aptum,</span> <span class='ocrx_word' id='word_1_210' title='bbox 785 3599 826 3644; x_wconf 90' lang='lat' dir='ltr'>ex</span> <span class='ocrx_word' id='word_1_211' title='bbox 860 3600 923 3659; x_wconf 90' lang='lat' dir='ltr'>quo</span> <span class='ocrx_word' id='word_1_212' title='bbox 958 3581 983 3644; x_wconf 91' lang='lat' dir='ltr'>ii</span> <span class='ocrx_word' id='word_1_213' title='bbox 1014 3580 1130 3644; x_wconf 90' lang='lat' dir='ltr'>iisdem</span> <span class='ocrx_word' id='word_1_214' title='bbox 1156 3581 1335 3646; x_wconf 92' lang='lat' dir='ltr'>commodis</span> 
     </span>
     <span class='ocr_line' id='line_1_30' title="bbox 158 3687 1333 3766; baseline 0.001 -14"><span class='ocrx_word' id='word_1_215' title='bbox 158 3689 359 3753; x_wconf 80' lang='lat' dir='ltr'>fruebantur</span> <span class='ocrx_word' id='word_1_216' title='bbox 375 3687 584 3752; x_wconf 81' lang='lat' dir='ltr'>Theudosiaa</span> <span class='ocrx_word' id='word_1_217' title='bbox 602 3689 722 3766; x_wconf 89' lang='lat' dir='ltr'>quibus</span> <span class='ocrx_word' id='word_1_218' title='bbox 738 3689 966 3766; x_wconf 89' lang='lat' dir='ltr'>Panticapaei.</span> <span class='ocrx_word' id='word_1_219' title='bbox 998 3688 1085 3753; x_wconf 89' lang='lat' dir='ltr'>Illuc</span> <span class='ocrx_word' id='word_1_220' title='bbox 1098 3689 1333 3753; x_wconf 89' lang='lat' dir='ltr'>Demosthenis</span> 
     </span>
     <span class='ocr_line' id='line_1_31' title="bbox 157 3788 1334 3877; baseline -0.004 -12"><span class='ocrx_word' id='word_1_221' title='bbox 157 3796 243 3860; x_wconf 87' lang='lat' dir='ltr'>illud</span> <span class='ocrx_word' id='word_1_222' title='bbox 270 3788 592 3877; x_wconf 56' lang='lat' dir='ltr'>apocatastaticus</span> <span class='ocrx_word' id='word_1_223' title='bbox 622 3803 763 3874; x_wconf 91' lang='lat' dir='ltr'>spectat.</span> <span class='ocrx_word' id='word_1_224' title='bbox 785 3797 858 3876; x_wconf 74' lang='lat' dir='ltr'>¹hc</span> <span class='ocrx_word' id='word_1_225' title='bbox 883 3795 982 3860; x_wconf 88' lang='lat' dir='ltr'>simul</span> <span class='ocrx_word' id='word_1_226' title='bbox 1007 3814 1078 3859; x_wconf 91' lang='lat' dir='ltr'>cum</span> <span class='ocrx_word' id='word_1_227' title='bbox 1097 3795 1217 3874; x_wconf 92' lang='lat' dir='ltr'>oppido</span> <span class='ocrx_word' id='word_1_228' title='bbox 1236 3804 1334 3860; x_wconf 87' lang='lat' dir='ltr'>aucto</span> 
     </span>
     <span class='ocr_line' id='line_1_32' title="bbox 157 3902 1335 3970; baseline 0 -2"><span class='ocrx_word' id='word_1_229' title='bbox 157 3904 270 3968; x_wconf 86' lang='lat' dir='ltr'>Leuce</span> <span class='ocrx_word' id='word_1_230' title='bbox 295 3922 416 3970; x_wconf 90' lang='lat' dir='ltr'>novum</span> <span class='ocrx_word' id='word_1_231' title='bbox 441 3904 473 3967; x_wconf 91' lang='lat' dir='ltr'>ei</span> <span class='ocrx_word' id='word_1_232' title='bbox 497 3919 615 3966; x_wconf 91' lang='lat' dir='ltr'>nomen</span> <span class='ocrx_word' id='word_1_233' title='bbox 640 3902 762 3967; x_wconf 90' lang='lat' dir='ltr'>indidit</span> <span class='ocrx_word' id='word_1_234' title='bbox 792 3902 1013 3967; x_wconf 83' lang='lat' dir='ltr'>Theudosiae.</span> <span class='ocrx_word' id='word_1_235' title='bbox 1067 3902 1221 3967; x_wconf 84' lang='lat' dir='ltr'>Ceterum</span> <span class='ocrx_word' id='word_1_236' title='bbox 1250 3904 1335 3968; x_wconf 88' lang='lat' dir='ltr'>Leu-</span> 
     </span>
     <span class='ocr_line' id='line_1_33' title="bbox 158 4009 1334 4088; baseline 0 -14"><span class='ocrx_word' id='word_1_237' title='bbox 158 4027 241 4074; x_wconf 88' lang='lat' dir='ltr'>cone</span> <span class='ocrx_word' id='word_1_238' title='bbox 264 4018 428 4088; x_wconf 84' lang='lat' dir='ltr'>regnante</span> <span class='ocrx_word' id='word_1_239' title='bbox 453 4009 660 4078; x_wconf 85' lang='lat' dir='ltr'>Theodosius</span> <span class='ocrx_word' id='word_1_240' title='bbox 685 4009 817 4088; x_wconf 90' lang='lat' dir='ltr'>quidam</span> <span class='ocrx_word' id='word_1_241' title='bbox 841 4011 877 4074; x_wconf 94' lang='lat' dir='ltr'>in</span> <span class='ocrx_word' id='word_1_242' title='bbox 901 4011 1052 4088; x_wconf 92' lang='lat' dir='ltr'>Bosporo</span> <span class='ocrx_word' id='word_1_243' title='bbox 1077 4011 1216 4076; x_wconf 91' lang='lat' dir='ltr'>multum</span> <span class='ocrx_word' id='word_1_244' title='bbox 1244 4011 1334 4077; x_wconf 87' lang='lat' dir='ltr'>vale-</span> 
     </span>
     <span class='ocr_line' id='line_1_34' title="bbox 157 4117 1334 4198; baseline 0.002 -18"><span class='ocrx_word' id='word_1_245' title='bbox 157 4118 217 4181; x_wconf 91' lang='lat' dir='ltr'>bat</span> <span class='ocrx_word' id='word_1_246' title='bbox 252 4118 456 4182; x_wconf 90' lang='lat' dir='ltr'>auctoritate</span> <span class='ocrx_word' id='word_1_247' title='bbox 492 4135 533 4181; x_wconf 93' lang='lat' dir='ltr'>ex</span> <span class='ocrx_word' id='word_1_248' title='bbox 557 4117 778 4195; x_wconf 86' lang='lat' dir='ltr'>inscriptione</span> <span class='ocrx_word' id='word_1_249' title='bbox 811 4117 973 4198; x_wconf 63' lang='lat' dir='ltr'>Atticm).</span> <span class='ocrx_word' id='word_1_250' title='bbox 1009 4152 1053 4162; x_wconf 93' lang='lat'>-</span> <span class='ocrx_word' id='word_1_251' title='bbox 1091 4117 1155 4182; x_wconf 85' lang='lat' dir='ltr'>Sed</span> <span class='ocrx_word' id='word_1_252' title='bbox 1191 4118 1334 4182; x_wconf 91' lang='lat' dir='ltr'>alterum</span> 
     </span>
    </p>
   </div>
   <div class='ocr_carea' id='block_1_3' title="bbox 265 4291 783 4542">
    <p class='ocr_par' dir='ltr' id='par_1_4' title="bbox 265 4291 783 4542">
     <span class='ocr_line' id='line_1_35' title="bbox 268 4291 758 4361; baseline -0.002 -16"><span class='ocrx_word' id='word_1_253' title='bbox 268 4295 294 4359; x_wconf 84' lang='lat' dir='ltr'>l)</span> <span class='ocrx_word' id='word_1_254' title='bbox 313 4291 389 4344; x_wconf 87' lang='lat' dir='ltr'>Dem.</span> <span class='ocrx_word' id='word_1_255' title='bbox 409 4307 432 4346; x_wconf 89' lang='grc' dir='ltr'>ο.</span> <span class='ocrx_word' id='word_1_256' title='bbox 452 4293 519 4359; x_wconf 84' lang='lat' dir='ltr'>Lep.</span> <span class='ocrx_word' id='word_1_257' title='bbox 538 4291 612 4361; x_wconf 68' lang='lat'>§27-</span> <span class='ocrx_word' id='word_1_258' title='bbox 632 4307 655 4344; x_wconf 90' lang='lat' dir='ltr'>c.</span> <span class='ocrx_word' id='word_1_259' title='bbox 676 4291 758 4345; x_wconf 87' lang='lat' dir='ltr'>schol.</span> 
     </span>
     <span class='ocr_line' id='line_1_36' title="bbox 265 4379 716 4448; baseline 0.007 -15"><span class='ocrx_word' id='word_1_260' title='bbox 265 4382 295 4448; x_wconf 83' lang='lat'>2)</span> <span class='ocrx_word' id='word_1_261' title='bbox 315 4379 349 4434; x_wconf 84' lang='lat' dir='ltr'>cf.</span> <span class='ocrx_word' id='word_1_262' title='bbox 369 4380 476 4434; x_wconf 85' lang='lat' dir='ltr'>Boeckh</span> <span class='ocrx_word' id='word_1_263' title='bbox 498 4379 557 4434; x_wconf 85' lang='lat' dir='ltr'>OIG</span> <span class='ocrx_word' id='word_1_264' title='bbox 576 4381 612 4433; x_wconf 94' lang='grc' dir='ltr'>ΙΙ.</span> <span class='ocrx_word' id='word_1_265' title='bbox 632 4397 658 4448; x_wconf 86' lang='lat' dir='ltr'>p.</span> <span class='ocrx_word' id='word_1_266' title='bbox 672 4381 716 4436; x_wconf 87' lang='grc'>96.</span> 
     </span>
     <span class='ocr_line' id='line_1_37' title="bbox 265 4468 783 4542; baseline 0.002 -17"><span class='ocrx_word' id='word_1_267' title='bbox 265 4470 293 4536; x_wconf 82' lang='lat'>3)</span> <span class='ocrx_word' id='word_1_268' title='bbox 314 4468 513 4542; x_wconf 81' lang='lat' dir='ltr'>Ditteubcrger,</span> <span class='ocrx_word' id='word_1_269' title='bbox 532 4469 641 4541; x_wconf 78' lang='lat' dir='ltr'>Sylloge</span> <span class='ocrx_word' id='word_1_270' title='bbox 661 4472 720 4541; x_wconf 90' lang='lat'>101,</span> <span class='ocrx_word' id='word_1_271' title='bbox 740 4472 783 4526; x_wconf 78' lang='lat'>50.</span> 
     </span>
    </p>
   </div>
   <div class='ocr_carea' id='block_1_4' title="bbox 0 0 1584 5080">
    <p class='ocr_par' dir='ltr' id='par_1_5' title="bbox 0 0 1584 5080">
     <span class='ocr_line' id='line_1_38' title="bbox 0 0 1584 5080; baseline 0 0"><span class='ocrx_word' id='word_1_272' title='bbox 0 0 1584 5080; x_wconf 95' lang='lat' dir='ltr'> </span> 
     </span>
    </p>
   </div>
  </div>
 </body>
</html>
