3156 5080
579 426 798 497 -.“21..-

95 632 201 698 classi
225 631 321 696 fidem
345 631 481 695 habene.
528 630 579 694 De
604 631 713 694 altero
738 630 811 693 loco
849 628 932 692 duae
967 627 1117 692 rationes
1146 623 1275 691 iuvant.

96 743 167 805 Aut
192 757 350 804 numerus
374 736 580 819 retinendus,
606 736 664 802 sed
688 737 789 801 aliter
814 734 1062 815 intellegendus
1079 742 1140 799 111.
1188 734 1277 798 Α111

97 848 186 912 enim
212 847 265 910 illi
298 844 522 924 quadraginta
546 852 706 923 quattuor
739 843 815 924 (437
827 840 943 926 Η--393)
976 860 1042 906 111
1073 849 1151 906 1111
1183 841 1277 918 regis

99 955 228 1036 Satyri,
253 952 311 1016 sed
336 952 480 1016 omnium
512 951 800 1033 Spartooidarum,
833 951 889 1030 qui
920 969 1024 1029 usque
1058 967 1097 1012 eo
1129 948 1276 1013 luerunt.

102 1061 266 1126 Fortasse
290 1060 371 1125 talis
407 1060 606 1140 numeratio,
643 1076 726 1136 quae
762 1059 875 1122 nescio
913 1076 955 1122 11
991 1075 1108 1122 111111
1132 1055 1276 1120 Diodori

99 1167 280 1246 irrepserit
307 1165 409 1246 (vide,
435 1183 519 1244 quae
541 1184 642 1244 supra
660 1165 699 1229 de
715 1166 863 1231 numeris
881 1184 922 1229 ex
937 1165 1074 1229 tabellis
1091 1185 1111 1228 1
1127 1164 1276 1228 Diodoro

101 1276 220 1354 petitis
245 1271 401 1357 dixerim)
431 1274 533 1338 alium
565 1272 726 1351 quendam
752 1273 908 1354 adduxit,
951 1280 988 1336 ut
1020 1291 1135 1338 verum
1163 1273 1277 1353 Satyri

101 1384 195 1460 regis
219 1399 391 1446 numerum
425 1380 692 1459 quattuordecim
718 1381 919 1460 corrigeret.
968 1379 1059 1462 Quae
1084 1381 1278 1445 coniectura

105 1491 134 1554 11
160 1490 213 1553 111
238 1488 426 1569 displiceat,
452 1488 553 1552 etiam
577 1487 669 1551 aliud
693 1488 868 1565 probabile
893 1495 954 1552 est.
1002 1488 1137 1552 Etenim
1169 1488 1277 1552 altero

102 1614 232 1676 quoque
274 1596 349 1659 loco
396 1613 553 1659 numerus
599 1590 842 1676 τετταράκοντα
887 1597 1025 1678 τέτταρα
1072 1615 1091 1659 a
1137 1595 1277 1659 librario

103 1722 241 1784 „perum
277 1702 454 1780 diligenti“
492 1720 553 1780 per
589 1719 737 1766 errorem
774 1703 922 1781 scriptus
959 1721 1032 1767 esse
1068 1711 1182 1781 potest
1216 1720 1277 1780 pro

103 1811 342 1892 deserensque,
385 1810 464 1888 quia
511 1810 543 1872 in
588 1828 690 1874 versu
726 1818 885 1888 sequente
921 1829 1077 1874 numerus
1113 1811 1279 1874 Lentonis

103 1911 345 1999 τετταράκοντα
371 1918 486 1981 111111
512 1917 584 1980 1111
608 1915 743 1984 fefellit.
791 1916 885 1998 Quod
910 1917 940 1980 si
964 1918 1141 1998 probatur,
1175 1917 1279 1981 codex

107 2026 145 2089 P.
169 2025 336 2102 utrimque
361 2022 562 2088 deteriorem
588 2025 789 2102 scripturam
814 2024 960 2088 exhibet.
995 2060 1034 2067 —
1068 2025 1224 2089 Ceterum
1249 2024 1278 2086 si

102 2131 245 2196 Diodori
270 2150 375 2196 annus
409 2135 492 2212 393,
526 2149 621 2210 quem
653 2130 774 2194 falsum
807 2149 880 2196 csse
910 2133 1051 2210 posthac
1079 2131 1278 2214 videbimus,

101 2241 152 2304 ita
176 2239 300 2303 mutari
323 2246 454 2320 posset,
486 2246 524 2303 ut
547 2246 661 2303 rectus
689 2257 845 2303 numerus
878 2243 939 2302 387
975 2239 1062 2317 apud
1094 2239 1278 2304 Diodorum

102 2365 238 2426 quoque
273 2347 531 2426 restitueretur,
568 2365 632 2410 non
674 2345 860 2410 dubitarem
897 2347 1051 2426 utrisque
1087 2347 1172 2411 locis
1208 2347 1279 2410 illis

101 2472 208 2518 annos
233 2453 456 2532 quadraginta
480 2460 639 2532 quattuor
663 2454 808 2532 probare
833 2460 868 2518 et
892 2453 1046 2533 Satyrum
1072 2454 1186 2518 statim
1203 2460 1281 2532 post

103 2562 302 2639 Spartocum
337 2560 355 2624 I
396 2578 557 2638 regnasse
603 2560 752 2624 iudicare
794 2561 889 2624 annis
931 2564 1131 2642 431-387,
1178 2568 1278 2638 atque

104 2666 321 2750 ‚,Seleucum“
348 2668 443 2731 illum
468 2669 540 2746 ipse
565 2685 695 2746 quoque
710 2668 934 2745 corruptelam
952 2685 1025 2732 esse
1043 2669 1281 2749 existimarem,

103 2775 256 2854 quamvis
281 2775 315 2838 in
346 2793 466 2852 magno
497 2792 657 2838 annorum
688 2792 825 2839 numero
857 2773 1065 2839 offenderem.
1103 2809 1145 2819 -
1176 2774 1279 2839 Fines

102 2881 202 2958 regni
227 2882 288 2944 sub
306 2882 424 2958 primis
443 2877 662 2963 Spartocidis,
681 2881 843 2959 Spartoco
860 2881 878 2946 I
902 2881 1042 2945 Seleuco
1065 2882 1227 2959 Spartoco
1245 2881 1280 2946 Π

100 2987 204 3054 iidem
240 2987 399 3053 videntur
433 2987 549 3070 fuisse,
587 2989 642 3067 qui
673 2995 781 3070 antea,
817 2987 921 3070 idest,
957 2989 1116 3052 maiorem
1150 2995 1279 3066 partem

101 3095 294 3160 civitatium
319 3095 588 3173 Bosporanarum
606 3097 905 3176 amplectebantur,
923 3096 1073 3173 exceptis
1090 3095 1280 3160 Theudosia
1323 3161 1325 3164 .

98 3201 339 3281 nonnullisque
364 3203 548 3266 minoribus
585 3201 626 3266 ad
650 3201 773 3267 fretum
805 3203 891 3266 sitis.
944 3202 1058 3281 Neque
1092 3203 1179 3266 enim
1210 3203 1279 3266 ani-

98 3327 192 3373 mum
215 3308 373 3374 inducere
398 3311 441 3373 iis
466 3309 592 3374 licebat
615 3309 756 3374 finitima
791 3310 1007 3392 conquirere,
1040 3309 1193 3387 quoniam
1223 3328 1280 3374 res

101 3418 261 3480 internae
284 3436 351 3480 non
374 3417 458 3482 satis
494 3423 588 3481 tutae
624 3425 730 3481 erant.
789 3417 1009 3481 Exsistebant
1045 3423 1136 3480 certe
1172 3417 1279 3497 brevi,

99 3523 162 3602 qui
199 3523 498 3605 obliviscerentur,
542 3531 666 3603 quante
708 3525 821 3604 gratia
857 3522 1065 3603 Spartocidis
1098 3517 1280 3607 [referenda

100 3638 198 3696 11111
231 3650 292 3710 pro
328 3632 429 3696 rebus
465 3633 500 3695 in
534 3633 696 3711 periculis
732 3633 802 3696 illis
835 3633 918 3696 bene
942 3627 1065 3712 gestis,
1090 3638 1190 3710 etque
1210 3631 1278 3695 iam

98 3755 207 3816 aegre
253 3739 352 3803 unius
403 3737 659 3803 dominationem
708 3740 912 3804 sustinentes
964 3755 1076 3802 rerum
1119 3756 1279 3817 novarum

100 3843 218 3922 cupidi
242 3844 371 3909 fierent.
420 3845 485 3911 Sed
507 3863 606 3926 reges
630 3847 922 3917 vehementissime
940 3845 979 3911 de
1001 3847 1045 3910 iis
1063 3846 1281 3910 consulebant

99 3953 195 4034 quia,
224 3959 262 4016 ut
294 3953 431 4017 barbari
461 3972 480 4017 1
510 3955 607 4032 regni
638 3953 759 4018 finibus
789 3954 1068 4034 prohiberentur,
1101 3953 1281 4017 concordia

99 4059 267 4124 intestina
298 4061 439 4124 maxime
474 4078 557 4138 opus
588 4067 672 4126 erat.
728 4061 826 4126 Cives
860 4060 946 4125 euim
981 4061 1170 4127 turbulenti
1197 4060 1280 4124 urbe

101 4167 240 4244 expulsi
264 4173 352 4248 sunt,
378 4167 436 4232 sed
460 4167 682 4232 Theudosiam
706 4186 810 4246 prope
835 4169 933 4232 sitam
958 4185 994 4231 se
1020 4167 1235 4232 contulerunt
1244 4165 1279 4248 ¹),

214 4433 241 4496 l)
260 4433 347 4485 Anon.
366 4431 428 4487 Per.
447 4431 478 4486 P.
497 4431 528 4486 ld.
547 4431 608 4502 §51
629 4430 737 4498 (Miiller
757 4431 842 4500 Geog.
862 4431 906 4488 Gr.
926 4431 1001 4500 min.)
