3156 5080
564 423 783 489 ..33..

83 640 157 690 eum
194 624 413 705 concessisse,
451 621 538 701 quod
576 623 750 704 ‚tyrannis
773 622 899 686 talibus
923 621 1008 686 viris
1033 640 1115 700 opus
1140 617 1261 686 esset“.

82 731 147 797 Sed
183 732 250 796 hoc
283 750 354 795 meo
389 732 463 795 iure
500 729 635 810 dubito,
672 749 714 794 au
751 729 791 793 de
815 729 1011 794 LeuconeI
1045 729 1168 794 dictum
1205 727 1260 793 sit.

82 840 207 904 Melius
225 841 314 904 enim
332 838 474 918 quadrat
498 837 539 902 ad
555 839 742 902 Leuconem
760 838 913 902 alterum.
962 836 1164 919 Quamquam
1186 855 1263 900 acre

84 956 118 1013 et
143 947 265 1011 durum
290 945 452 1025 quoddam
477 946 647 1023 ingenium
671 963 778 1024 neque
804 963 824 1009 a
848 945 1049 1010 crudelitate
1079 945 1263 1009 abhorrens

83 1053 294 1118 LeucouisI
328 1053 434 1117 fuisse
467 1071 533 1117 nou
569 1061 621 1117 est
656 1051 865 1134 negandum,
912 1053 941 1116 si
976 1053 1075 1130 re‘gni
1111 1051 1263 1116 firmandi

84 1163 262 1226 intererat.
309 1161 532 1240 Polyaenus1)
557 1159 689 1238 quidem
720 1160 802 1224 11111
832 1167 963 1224 narrat:
996 1159 1098 1225 Civili
1119 1159 1265 1223 tumultu

85 1271 235 1333 instante
262 1287 281 1332 a
305 1267 549 1332 mercatoribus
567 1267 688 1331 alienis
706 1267 919 1331 simulatione
937 1266 1075 1345 quadam
1092 1267 1265 1344 pecuniam

87 1383 235 1440 mutuam
262 1375 413 1452 sumpsit.
462 1373 527 1455 Qui
552 1392 625 1438 eum
657 1372 835 1437 defendere
870 1382 904 1438 et
937 1374 1027 1438 tueri
1060 1374 1266 1460 cogebantur

86 1490 123 1547 ut
146 1483 324 1560 pecuniam
349 1481 414 1545 sihi
440 1488 626 1546 servarent.
673 1481 723 1545 Re
748 1474 909 1558 prospere
939 1488 1038 1560 gesta
1070 1481 1217 1544 rebelles
1247 1499 1266 1543 a

89 1589 242 1654 Leucono
269 1588 527 1653 interficiuntur.
554 1624 594 1631 —
619 1587 750 1652 Deinde
774 1588 809 1651 in
833 1588 922 1652 hello
956 1607 1028 1652 cum
1052 1587 1266 1652 Heracleotis

89 1704 183 1776 gesto
221 1715 296 1760 cum
332 1695 558 1774 proditionem
593 1695 829 1759 nonnullorum
865 1703 1047 1777 metueret,
1091 1702 1266 1774 suspectos

91 1805 182 1868 viros
206 1804 277 1868 alia
302 1821 402 1867 causa
434 1802 592 1866 simulata
622 1802 752 1867 domum
778 1803 906 1867 dimisit
939 1822 978 1866 ac
1010 1802 1182 1866 beneficiis
1212 1803 1267 1866 ad·

89 1909 180 1993 fecit,
207 1929 274 1990 quo
307 1917 400 1974 tutos
431 1927 489 1973 eos
523 1909 691 1974 redderet.
746 1909 905 1974 Confecto
939 1917 1049 1974 autem
1081 1909 1170 1973 hello
1202 1929 1268 1973 nna

92 2035 161 2082 cum
187 2018 344 2096 cognatis
369 2018 441 2081 siue
466 2015 590 2081 iudicio
617 2015 750 2081 occidit.
779 2052 815 2061 -
850 2017 1002 2096 Denique
1034 2017 1147 2081 eodem
1178 2018 1267 2081 hello

93 2124 244 2207 Scythas,
272 2125 392 2203 quibus
416 2125 524 2201 magis
549 2123 744 2206 confidebat,
769 2131 847 2202 post
863 2125 1021 2206 hoplites,
1047 2125 1103 2203 qui
1120 2123 1268 2188 bellandi

95 2249 217 2310 genere
253 2231 337 2296 fessi
372 2231 481 2295 miuus
517 2231 648 2295 alacres
673 2238 783 2312 erant,
816 2232 1000 2296 collocatos
1025 2232 1103 2296 illos
1127 2251 1147 2296 a
1170 2239 1268 2311 tergo

94 2337 288 2404 interimere
324 2339 435 2419 iussit,
472 2338 501 2402 si
537 2339 805 2419 languescerent.
843 2376 883 2383 —
919 2339 1048 2403 Memor
1077 2347 1186 2404 autem
1211 2340 1269 2420 sis,

94 2463 174 2522 quae
199 2458 282 2519 ante
300 2445 441 2510 dixerim
468 2445 507 2509 de
525 2445 737 2510 Leuconibus
753 2447 960 2524 Bosporanis
977 2448 1067 2510 iuter
1083 2465 1119 2510 se
1136 2447 1270 2524 saepius

94 2552 253 2618 confusis.
312 2551 516 2634 Quamquam
563 2570 647 2631 quae
693 2553 775 2616 belli
822 2553 1053 2617 Heracleotici
1088 2560 1182 2628 suut,
1230 2552 1271 2616 ad

95 2659 326 2726 LeuconemI
361 2679 413 2724 me
447 2660 584 2725 trahere
619 2660 720 2724 malle
756 2660 820 2723 iam
857 2678 959 2738 supra
995 2660 1145 2724 ostendi:
1180 2659 1271 2724 aliud

98 2765 202 2832 iudico
233 2767 272 2832 de
296 2767 443 2832 tumultu
462 2767 567 2832 civili.
616 2767 737 2832 Fuisse
756 2767 854 2846 euim;
879 2785 939 2831 cur
956 2768 1048 2834 cives
1066 2766 1141 2832 odio
1159 2785 1271 2846 perse-

101 2883 281 2950 querentur
304 2875 491 2938 Lentonem
516 2867 670 2956 alterum,
696 2872 783 2938 infra
806 2874 1004 2940 videbimus.
1073 2863 1074 2866 ¹

183 2981 185 2985 ’
199 2983 370 3046 Leuconis
382 2989 453 3046 tres
467 2989 564 3046 eraut
573 2981 645 3064 lilii,
661 2981 842 3059 Spartocus
855 2982 1054 3047 Paerisades
1063 2981 1272 3061 Apollonius.

14 3137 16 3140 .
99 3085 190 3152 luter
212 3090 348 3168 priores
372 3107 512 3168 regnum
531 3088 672 3154 divisum
698 3096 750 3153 111
774 3107 813 3153 11
829 3089 916 3170 lege,
941 3098 979 3155 ut
995 3090 1177 3168 Spartocus
1194 3088 1274 3172 (ΙΠ)

99 3193 285 3273 Bosporum
317 3197 501 3278 acciperet,
540 3195 780 3260 Paerisadesl
817 3196 1039 3261 Theodosium
1079 3205 1113 3262 et
1151 3198 1274 3262 Maitas

100 3319 204 3380 uuper
228 3311 376 3382 pacatos.
423 3303 510 3369 Novi
535 3309 646 3366 antem
669 3320 769 3383 reges
793 3303 935 3381 primum
959 3304 1092 3382 legatos
1123 3305 1274 3369 Athenas

101 3409 285 3493 miserunt,
334 3411 390 3490 qui
437 3411 614 3488 pristinam
662 3410 844 3475 amicitiam
880 3410 1072 3492 firmarent,
1116 3413 1275 3490 pecunias

103 3512 232 3582 debitas
243 3502 474 3599 exposcerent,
487 3525 606 3582 nantas
618 3517 853 3600 conducerent,
867 3518 1011 3583 honores
1021 3518 1274 3600 reportarem).

104 3619 166 3686 Sed
189 3620 230 3690 111
255 3624 421 3690 divisione
449 3625 547 3704 regni
568 3625 665 3690 brevi
687 3623 887 3689 detrimenta
912 3634 1102 3691 evaseruut.
1149 3627 1275 3690 Maitae

105 3730 189 3794 euim
209 3726 380 3796 'Leuconis
403 3739 510 3796 morte
535 3739 570 3796 et
602 3731 794 3796 Paerisadis
824 3733 942 3810 opibus
975 3733 1113 3798 minutis
1141 3733 1277 3798 adducti

105 3833 245 3902 delicere
270 3833 476 3904 conabantur
503 3857 564 3904 uec
597 3837 734 3904 frustra.
788 3840 862 3904 Huc
891 3839 1038 3922 accedit,
1070 3841 1157 3920 quod
1187 3842 1277 3907 circa

42 3995 43 4000 ,
105 3939 195 4009 illam
230 3953 374 4010 aetatem
399 3946 433 4010 in
458 3946 620 4010 Sarmatis
654 3965 794 4025 maguus
823 3947 882 4010 ille
911 3955 1020 4012 motus
1045 3955 1183 4013 exortus
1207 3956 1270 4030 est,

107 4065 168 4125 quo
206 4053 377 4132 complura
411 4071 471 4132 per
506 4054 641 4118 saecula
677 4071 756 4117 orae
791 4055 952 4122 Ponticae
989 4057 1276 4120 concutiebantur.

212 4319 239 4383 1)
258 4317 298 4371 VI
316 4319 342 4385 9,
360 4318 440 4372 2-4.

212 4407 239 4476 2)
259 4406 368 4476 Sylloge
389 4408 448 4462 101.
