3156 5080
612 389 830 454 -35-=

133 590 244 666 antur,
281 581 313 649 id
338 585 425 664 quod
449 587 574 651 bellum
608 585 692 650 illud
723 586 823 651 civile
848 605 912 650 non
937 583 1092 670 negeb),
1124 588 1308 665 potentiam

133 692 275 759 divisam
318 700 418 772 atque
462 695 621 759 minutam
663 713 729 758 non
764 695 829 757 iam
865 701 1051 759 metuentes
1087 695 1128 759 ab
1166 696 1307 774 imperio

131 801 278 878 Bospori
296 819 331 864 se
345 801 521 879 liberasse,
547 819 630 880 quos
649 801 708 865 alii
721 802 847 865 Maitae
865 802 991 867 imitati
1006 803 1083 866 sint.
1109 803 1308 867 Paerisades

133 915 246 972 autem
264 916 437 988 postquam
456 909 639 986 Spartocus
656 907 763 972 frater
780 909 925 987 quinque
942 917 1020 986 post
1035 928 1140 974 anuos
1156 918 1308 975 mortuus

132 1022 185 1078 est
217 1014 397 1079 heredibus
436 1033 502 1079 non
530 1015 678 1096 relictis,
719 1016 837 1093 opibus
870 1017 1032 1094 Bosporis
1065 1018 1191 1081 coactis
1223 1018 1308 1082 nihil

129 1122 304 1202 antiquius
328 1122 483 1195 habebat,
508 1141 603 1200 quam
628 1129 666 1186 ut
682 1123 825 1186 Asianos
842 1123 983 1200 populos
1000 1123 1105 1188 denuo
1123 1125 1307 1204 subigeret.

130 1229 267 1294 Etenim
293 1229 367 1294 fieri
386 1249 450 1294 non
470 1237 615 1312 poterat,
640 1237 678 1294 ut
695 1230 911 1308 Spartocidae
928 1231 1006 1294 illas
1022 1231 1179 1311 regiones
1195 1233 1309 1311 negle-

130 1345 271 1418 gerent,
304 1339 504 1415 praesertim
537 1355 609 1400 cum
642 1355 774 1415 semper
804 1338 940 1414 patroni
965 1337 1169 1401 Graecorum
1194 1339 1308 1402 Ponti-

133 1462 248 1507 corum
274 1452 309 1508 et
333 1462 406 1508 esse
432 1452 466 1508 et
490 1445 607 1508 haberi
624 1444 752 1508 vellent
768 1444 960 1522 multaeque
978 1445 1138 1510 civitates
1157 1444 1307 1510 Graecae

132 1551 171 1614 ad
204 1552 369 1615 orientem
393 1569 512 1616 versus
541 1558 575 1614 et
599 1553 659 1615 sub
684 1550 855 1615 radicibus
881 1531 1020 1616 Caucasi
1045 1560 1079 1616 et
1104 1553 1307 1630 piscatorum

133 1660 166 1722 iu
225 1678 286 1722 ora
325 1659 477 1723 Maitidis
531 1659 617 1722 sitae
670 1666 791 1723 essent.
862 1658 914 1732 Ad
953 1659 1159 1724 occidentem
1199 1669 1308 1724 autem

132 1766 213 1832 litus
284 1768 470 1830 Taurorum
542 1773 698 1844 portuum
756 1766 877 1848 inops,
947 1767 1038 1830 saxis
1095 1767 1308 1846 scopulisque

131 1873 305 1937 horridum
357 1874 570 1950 Bosporauos
630 1874 861 1950 restringebat
913 1881 947 1937 et
1002 1875 1042 1936 ab
1099 1874 1307 1939 Cherronaso

131 1981 372 2046 Heracleotica
407 1982 481 2059 ipsa
511 1999 641 2060 quoque
674 1982 865 2058 potentiore
891 1981 1146 2046 intercludebat.
1193 1983 1307 2062 Neque

129 2105 204 2166 spes
237 2088 451 2152 Paerisadem
483 2087 616 2152 fefellit.
663 2088 846 2160 Paullatim
879 2106 991 2152 omnes
1017 2089 1161 2168 populos
1184 2090 1307 2154 Maitas

132 2196 191 2259 sub
233 2195 391 2260 ditionem
425 2195 560 2274 redegit
590 2203 690 2273 atque
722 2196 823 2259 etiam
848 2214 948 2273 porro
974 2195 1198 2260 Sarmatarum
1223 2197 1307 2260 Tha-

130 2310 246 2368 tenses
285 2310 319 2368 et
358 2303 520 2367 Doschos.
578 2303 624 2366 Et
665 2303 738 2367 iure
779 2301 865 2366 dixit
909 2309 1010 2380 poeta
1045 2304 1307 2386 epigrammatis

131 2409 347 2474 Paerisadem
393 2428 537 2489 regnare
577 2399 654 2490 ὅσην
694 2403 801 2485 χθόνα
840 2411 995 2488 τέρμονες
1034 2402 1130 2491 α’κροί
1170 2404 1308 2492 Ταύρων

132 2507 317 2586 ’Κανκάσιός
340 2507 461 2586 τ’ἐνιὸς
485 2511 613 2592 ἔχουσιν
638 2507 756 2597 lipari).
803 2517 1005 2600 Accuratius
1030 2524 1140 2580 autem
1157 2518 1244 2581 nihil
1268 2517 1307 2580 de

132 2624 174 2689 iis
203 2625 329 2704 pugnis
361 2632 413 2688 est
443 2623 615 2688 traditum.
663 2623 905 2687 Demosthenes
939 2623 1105 2704 quidem³l
1129 2625 1307 2703 aliquando

20 2745 22 2748 ·
134 2719 253 2813 narrat
277 2749 333 2796 res
356 2731 454 2810 regni
479 2730 675 2794 dificiliores
699 2728 803 2794 fuisse
827 2737 967 2808 propter
990 2731 1113 2794 bellum
1142 2726 1224 2811 πρὸς
1251 2725 1309 2792 τὸν

137 2833 276 2919 Σκύθην
292 2845 433 2917 gestum.
459 2836 628 2918 Quomodo
646 2836 680 2900 id
697 2836 957 2916 intellegendum
971 2838 1026 2918 sit,
1044 2838 1219 2920 nescimus,
1237 2857 1309 2902 cum

135 2946 237 3026 etiam
272 2945 436 3008 incertum
468 2945 531 3025 sit,
569 2963 646 3008 num
673 2961 764 3014 ffvere
793 2944 939 3024 Scythae
970 2943 1106 3012 fuerint.
1159 2944 1307 3024 Namque

12 3043 13 3048 ’
133 3041 192 3144 illa
249 3059 360 3116 aetate
410 3053 543 3115 nomina
594 3051 793 3132 Scytharum
845 3051 1071 3116 Sarmatarum
1122 3053 1307 3116 Taurorum

134 3157 274 3223 Graecis
303 3160 494 3237 promiscua
518 3159 583 3222 iam
607 3157 712 3222 fuisse
736 3159 803 3222 nisi
828 3158 1077 3223 distinctionem
1102 3159 1175 3222 fieri
1199 3159 1307 3237 pluris

133 3264 316 3346 intererat,
348 3273 462 3330 notum
494 3273 555 3330 est.
604 3264 668 3330 Sed
700 3263 766 3330 fuit
801 3264 885 3328 illud
915 3265 1150 3330 Demosthenis
1183 3266 1307 3345 bellum

134 3373 371 3454 periculosum,
395 3380 576 3450 propterea
601 3372 688 3450 quod
711 3373 892 3436 mercatori
910 3373 1109 3436 Atheniensi
1127 3379 1163 3436 ut
1179 3390 1307 3436 merces

133 3480 294 3545 venderet
317 3481 375 3544 vix
400 3480 554 3559 contigit.
574 3516 612 3522 —
633 3479 787 3544 Ceterum
811 3480 845 3542 in
862 3497 943 3558 pace
960 3479 1158 3544 Paerisades
1175 3480 1307 3558 priores

133 3602 232 3676 reges
263 3587 503 3651 aemulabatur.
552 3586 692 3652 Graecis
728 3583 1307 3668 116111161111114),6111111110-

135 3693 268 3758 nienses
293 3694 442 3759 amicitia
467 3694 539 3758 eius
564 3692 676 3758 eadem
702 3701 790 3774 erat,
816 3692 983 3773 iidemque
1008 3711 1138 3772 quoque
1163 3694 1306 3757 honores

134 3800 176 3881 ei,
202 3801 323 3880 Satyro
349 3801 418 3865 filio
442 3801 585 3864 maximo
609 3807 701 3881 natu,
727 3798 900 3878 Gorgippo
926 3818 1043 3864 socero
1067 3798 1235 3883 tributil).
1267 3799 1306 3864 In

134 3903 344 3914 -—————

239 3957 268 4023 1)
286 3956 397 4012 Diodori
410 3957 472 4026 (XX
484 3957 531 4026 22)
557 3973 648 4026 regem
677 3957 810 4010 Thracum
835 3955 863 4009 in
890 3971 980 4025 regem
1005 3955 1182 4010 Thatensium
1207 3957 1307 4009 mutari

136 4049 258 4112 oportere
277 4045 388 4100 Boeohh
406 4045 464 4100 iura
483 4045 583 4100 statuit
601 4063 627 4115 p.
642 4046 701 4100 102.

240 4135 267 4202 2)
286 4134 346 4188 Lat.
366 4137 391 4190 9.

238 4225 267 4289 3)
287 4239 309 4279 c.
329 4224 436 4279 Phorm.
455 4225 509 4295 §S

238 4314 267 4374 41
286 4314 347 4368 Lat.
369 4316 392 4369 1.
412 4315 437 4368 2.

240 4403 268 4468 ὁ)
289 4403 363 4458 Dem.
384 4419 405 4458 c.
425 4405 534 4460 Phorm.
553 4401 624 4473 §aa
647 4435 677 4443 -
699 4403 752 4458 Diu
780 4419 802 4459 c.
822 4403 897 4458 Dem.
916 4402 989 4473 §la
