3156 5080
768 437 989 505 ..56-

289 641 382 703 certo
429 655 588 702 annorum
635 654 772 701 numero
816 636 979 701 adhibito.
1042 635 1246 718 Quamquam
1285 640 1389 704 semel
1429 641 1464 704 in

288 764 418 811 nummo
428 745 453 827 ¹)
477 753 613 823 praeter
637 745 769 809 Eumeli
793 745 928 808 litteras
953 744 1078 824 ligatas
1101 764 1259 810 numerus
1283 751 1313 807 Ζ
1319 799 1327 826 ‚
1353 747 1386 811 id
1410 757 1464 812 est

286 871 356 934 sex,
381 862 504 934 exstat,
528 852 568 916 de
593 871 657 931 quo
682 851 780 916 infra.
808 887 848 896 -
873 850 965 932 Quae
990 870 1062 916 cum
1088 853 1138 917 ita
1153 852 1292 935 fuerint,
1316 856 1460 918 miretur

288 962 453 1040 quispiam
478 960 627 1024 Graecos
657 961 741 1024 hanc
769 967 989 1040 tyrannorum
1020 958 1279 1025 dominationem
1313 963 1464 1026 tamdiu

288 1070 499 1148 libenterque
531 1067 662 1133 tulisse.
719 1067 765 1132 ht
795 1065 975 1130 traduntur
1005 1068 1185 1131 memoriae
1219 1069 1318 1133 initio
1354 1071 1464 1133 rebel-

288 1177 433 1242 lationes
474 1176 723 1252 seditionesque
759 1173 874 1237 fuisse.
934 1172 998 1237 Sed
1033 1181 1208 1252 postquam
1244 1175 1464 1252 Spartoeidae

288 1284 546 1349 crudelitatibus
574 1301 639 1346 non
665 1283 892 1346 abhorrentes
922 1281 1057 1357 penitus
1082 1299 1138 1344 eas
1163 1293 1406 1359 oppresserunt
1431 1293 1465 1348 ct

287 1392 378 1455 intra
405 1390 487 1454 fines
516 1399 551 1454 et
576 1398 673 1454 extra
696 1387 795 1468 fines,
835 1395 1012 1465 postquam
1037 1405 1151 1452 corum
1176 1407 1279 1466 opera
1304 1408 1464 1454 commer-

288 1499 374 1562 cium
404 1506 582 1575 tantopere
606 1496 727 1562 florere
753 1496 865 1572 coepit
888 1513 1093 1573 regnumque
1118 1497 1386 1572 potentissimum
1413 1505 1466 1561 est

288 1606 414 1670 sactum·
445 1604 650 1669 Graecorum
681 1603 812 1668 viribus
844 1621 910 1666 non
941 1603 990 1665 ita
1023 1601 1121 1665 valde
1155 1602 1312 1684 intentis,
1346 1604 1380 1666 hi
1412 1623 1465 1668 ac·

288 1714 506 1792 quiescebant
545 1711 738 1791 paullatim,
779 1710 978 1787 praesertim
1020 1728 1092 1772 cum
1123 1727 1224 1786 reges
1257 1709 1465 1774 Graecorum

287 1822 427 1885 maxime
451 1828 611 1898 patronos
635 1837 670 1882 se
695 1819 897 1896 praeberent
920 1833 959 1880 ac
983 1834 1066 1895 gens
1090 1817 1187 1896 regia
1220 1817 1334 1881 eodem
1367 1819 1465 1882 modo

288 1927 429 1992 Graecis
459 1927 609 1991 moribus
641 1925 993 2004 se'appropinquaret
1018 1959 1056 1966 -
1083 1923 1112 1986 si
1144 1923 1275 2001 quidem
1300 1925 1466 1990 barbarae

288 2036 432 2114 originis
456 2042 530 2098 erat
556 2069 613 2114 -—‚
638 2052 701 2111 quo
726 2033 793 2110 ipsi
816 2031 938 2096 Graeci
970 2031 1123 2094 barbaris
1146 2032 1295 2095 moribus
1312 2032 1466 2110 inquina-

287 2145 419 2207 bantur.
449 2181 453 2196 ·
480 2142 549 2205 Nec
600 2159 666 2203 non
714 2139 883 2202 commoda
928 2137 1010 2201 talis
1054 2137 1291 2201 dominationis
1331 2139 1466 2203 validae

287 2249 439 2312 omnibus
470 2247 587 2311 facilia
623 2245 800 2310 intellectu
832 2253 939 2308 erant.
996 2243 1204 2325 Accedebat,
1247 2253 1284 2309 ut
1312 2246 1466 2311 amicitia

288 2355 561 2434 Spartoeidarum
593 2361 628 2418 et
657 2353 911 2417 Atheniensium
943 2351 1153 2429 honoresque
1184 2351 1262 2415 inde
1295 2355 1463 2430 reportati

287 2481 387 2542 reges
411 2463 554 2526 maximo
580 2459 758 2540 splendore
783 2467 818 2522 et
841 2460 1026 2524 autoritate
1051 2467 1221 2523 ornarent.

394 2571 443 2635 De
466 2570 588 2648 quibus
613 2587 684 2632 cum
710 2561 795 2632 satis
820 2566 945 2630 dixisse
969 2567 1050 2631 mihi
1074 2565 1207 2646 videar,
1232 2583 1336 2645 pergo
1361 2565 1404 2630 de
1429 2585 1465 2631 re

287 2678 472 2742 nummaria
509 2676 669 2741 nonnulla
705 2689 881 2752 exponere.
941 2671 1144 2753 Quamquam
1181 2672 1465 2738 denummorum

287 2786 405 2850 valore
422 2785 515 2848 nulla
531 2791 666 2848 exstant
682 2783 818 2846 decreta
834 2780 970 2869 publica
993 2787 1031 2844 ut
1047 2779 1175 2860 Olbiae,
1199 2788 1310 2844 tamen
1327 2789 1466 2858 praeter

287 2893 366 2956 illas
390 2892 430 2956 de
447 2891 601 2954 Leucono
625 2890 837 2952 narrationes
861 2886 1032 2951 admodum
1059 2894 1232 2965 suspectas
1256 2887 1322 2965 ipsi
1338 2889 1463 2953 nummi

285 2999 414 3076 reperti
439 3005 516 3060 sunt
540 2996 738 3074 complures.
779 2993 843 3076 Qui
867 3011 970 3073 usque
995 2992 1036 3058 ad
1060 2993 1228 3057 sacculum
1253 2995 1390 3059 tertium
1415 2995 1464 3059 nil

286 3106 352 3169 nisi
385 3105 527 3169 urbium
554 3103 688 3166 nomina
724 3102 899 3181 exhibent,
935 3097 1012 3166 inde
1048 3102 1089 3163 ab
1122 3101 1184 3164 hac
1208 3108 1320 3166 aetate
1343 3119 1462 3180 regum

288 3213 420 3278 nomino
445 3211 565 3291 oppido
591 3209 757 3275 interdum
782 3208 949 3273 adiuncto.
998 3207 1082 3272 Sunt
1105 3208 1227 3272 nummi
1252 3209 1463 3288 antiquiores

286 3315 556 3402 Panticapaeo),
587 3317 846 3396 Theudosiaa³)‚
872 3313 1094 3394 Gorgippiae‚
1119 3315 1403 3396 phanagoriam),
1430 3324 1463 3381 et

286 3426 381 3490 aurei
414 3433 449 3491 et
480 3425 634 3504 argentei
668 3431 702 3487 et
732 3421 869 3502 aaron).
917 3422 993 3486 Suis
1018 3421 1127 3500 igitur
1149 3423 1290 3486 nummis
1313 3421 1463 3488 foederis

285 3533 449 3611 regnique
482 3533 640 3596 civitates
674 3530 730 3595 diu
754 3531 944 3595 utebantur.
993 3527 1080 3610 Quin
1109 3529 1210 3593 etiam
1235 3538 1288 3593 est
1310 3549 1462 3595 nummus

286 3640 523 3730 Panticapen,
559 3639 616 3720 qui
640 3637 872 3716 Phanagoriae
909 3637 1030 3700 iterum
1065 3653 1207 3701 excusus
1232 3637 1319 3713 sita).
1367 3638 1461 3703 Adeo

289 3799 496 3807 --...——---—

394 3889 421 3950 1)
442 3886 584 3953 Antiquitd
603 3883 631 3936 II
651 3883 712 3948 153,

391 3977 420 4041 2)
440 3975 570 4042 llionnet,
590 3972 753 4040 description
771 3972 804 4026 de
822 3970 959 4025 medailles
977 3971 1065 4038 1,347
1085 3971 1229 4039 catalogue
1254 3971 1285 4025 oi
1301 3971 1348 4026 tho
1372 3973 1460 4027 Greek

286 4067 360 4120 coins
378 4067 406 4119 in
425 4067 472 4119 tho
490 4066 534 4119 Br.
555 4063 623 4118 llua
643 4063 757 4116 Thraco.

392 4156 422 4222 3)
440 4155 457 4208 l.
476 4154 495 4209 1.
514 4153 605 4222 Suppl.
625 4153 718 4220 11,11.

392 4244 450 4306 411
477 4244 495 4296 l.
515 4244 551 4297 lI.
565 4247 607 4298 33.

393 4336 421 4399 11)
440 4333 551 4398 lickhcl,
567 4333 599 4386 do
618 4332 703 4386 doctr.
722 4346 820 4385 numm.
840 4330 877 4394 Il,
900 4330 994 4398 1,339.

394 4427 422 4486 6)
442 4423 563 4477 llionnet
581 4423 598 4476 1.
617 4423 634 4475 1.
655 4421 745 4488 Suppl.
765 4420 813 4488 IV,
832 4421 884 4474 417
904 4436 930 4474 11.
953 4422 991 4474 ll.

1530 2 1560 727 1
