3156 5080
754 430 968 497 -50—

272 627 338 694 fuit
361 621 378 690 ὁ
402 630 467 690 τῶν
490 621 706 710 μισθοφόρων
729 619 868 710 ἡγεμών.
912 610 1009 708 Quae
1035 648 1106 693 cum
1124 629 1172 694 ita
1189 629 1267 709 sint,
1292 628 1367 692 fieri
1384 647 1451 692 uon

273 745 403 818 potest,
438 737 516 815 quin
551 744 736 801 statuamus
766 735 893 800 milites
927 753 1057 813 semper
1091 737 1152 800 sub
1184 737 1321 801 vexillis
1345 735 1452 800 fuisse

274 843 517 922 stipendiisque
543 843 723 907 conductos
749 860 838 922 esse,
872 850 971 920 atque
997 851 1031 906 et
1054 845 1215 907 barbaros
1241 851 1275 907 et
1299 843 1450 908 Graecos

274 952 431 1030 hoplites.
483 951 522 1015 In
553 951 770 1014 mercenariis
801 958 910 1014 autem
940 951 1146 1028 hoplitarum
1177 951 1272 1014 modo
1308 951 1448 1016 armatis

273 1059 360 1122 nihil
393 1066 445 1122 est
475 1077 534 1122 cur
570 1057 782 1122 offendemus.
830 1058 940 1122 Leuso
974 1076 1034 1122 rex
1063 1059 1216 1122 barbaris
1240 1059 1348 1138 magis
1373 1077 1449 1122 con-

276 1165 404 1230 tidebat
428 1184 524 1244 quarn
549 1166 699 1246 hoplitia
725 1184 797 1230 cum
821 1172 946 1229 terrem
965 1173 1081 1229 contre
1099 1165 1318 1230 Heracleotes
1336 1164 1449 1229 deien-

277 1272 381 1337 deret.
430 1271 524 1353 Quod
549 1273 661 1336 nescio
687 1291 729 1336 111
752 1271 876 1336 factum
901 1273 960 1352 sit,
986 1271 1073 1350 quod
1098 1273 1150 1336 illi
1175 1290 1235 1336 sue
1258 1273 1451 1348 tuebantur,

275 1380 391 1444 horum
435 1387 545 1444 autem
578 1380 717 1443 minoris
750 1381 915 1444 intererat
944 1379 1045 1444 vinci.
1093 1382 1139 1444 At
1174 1379 1321 1444 Graecas
1352 1380 1452 1457 regni

279 1487 437 1552 civitates
470 1505 621 1565 umquem
654 1487 780 1550 milites
812 1487 1053 1564 conscripsisse
1084 1494 1143 1550 eut
1167 1487 1258 1552 cives
1283 1487 1454 1564 stipendia

277 1595 440 1657 meruisse
472 1612 633 1671 nusquam
663 1601 876 1658 memoretur.
925 1593 1023 1658 Cives
1049 1594 1154 1674 euim,
1188 1612 1271 1672 quos
1301 1595 1452 1658 Leuconi

277 1707 451 1778 suspectos
487 1719 504 1764 e
538 1701 626 1764 hello
659 1701 788 1764 domum
819 1701 938 1764 missos
971 1709 1005 1765 et
1039 1708 1115 1778 post
1146 1700 1344 1766 interfectos
1376 1719 1453 1766 esse

278 1808 467 1887 Polyaenus
501 1807 600 1888 dicit,
635 1809 776 1886 imperia
807 1807 967 1886 quaedam
1000 1808 1163 1872 militaria
1194 1808 1343 1872 tenuisse
1368 1809 1453 1872 mihi

276 1933 471 1992 persuasum
520 1916 636 1979 haheo.
699 1914 751 1978 Ad
791 1933 874 1992 quae
914 1914 1131 1992 Spartocidae
1171 1914 1318 1980 Graecos
1359 1915 1454 1980 cives

278 2039 437 2088 evocasse
471 2040 571 2100 saepe
603 2022 770 2088 videntur.
818 2019 913 2102 Quod
945 2021 1063 2086 deinde
1095 2023 1269 2087 ecivibus
1294 2023 1328 2086 in
1352 2023 1453 2087 litur-

277 2130 408 2206 giarum
433 2147 570 2193 numero
594 2129 814 2210 τριηραρχιῶν
838 2146 968 2206 quoque
993 2147 1109 2192 munus
1133 2129 1301 2207 praestari
1323 2129 1452 2212 debuit,

277 2254 343 2298 non
373 2244 489 2300 contra
517 2244 662 2318 pugnet,
697 2255 769 2300 cum
803 2236 894 2300 cives
927 2237 1062 2302 navium
1094 2237 1194 2301 etiem
1220 2237 1320 2301 duces
1344 2235 1452 2300 fuisse

274 2360 340 2404 non
369 2360 506 2406 necesse
536 2344 581 2408 sit
605 2351 765 2408 statuere.
813 2343 906 2421 Ergo
941 2344 1092 2420 potentia
1114 2362 1231 2423 rogum
1256 2345 1449 2421 posteriore

275 2449 456 2527 praecipue
491 2458 621 2532 aetate,
665 2470 737 2515 cum
776 2449 1032 2529 Sindi-aliique
1066 2451 1192 2515 Meitae
1212 2452 1335 2516 artius
1376 2469 1451 2516 curn

275 2557 426 2634 Bosporo
461 2558 631 2622 coniuncti
664 2566 794 2638 essent,
828 2557 907 2620 nixa
936 2575 1008 2621 esse
1035 2557 1174 2622 ,videtur
1198 2559 1351 2632 exercitu
1375 2576 1450 2622 cum

275 2665 482 2728 mercenario
506 2672 576 2729 turn
600 2667 754 2729 barbaro.

383 2771 692 2836 Administrebatur
730 2791 869 2852 reguum
902 2792 921 2836 a
954 2773 1036 2836 solis
1069 2773 1215 2850 regibus.
1271 2771 1450 2853 Προξενίαι

277 2895 348 2940 cum
373 2879 582 2958 immunitate
606 2879 739 2943 iunctae
765 2897 895 2956 semper
919 2898 938 2942 a
955 2879 1094 2958 regibus
1112 2873 1449 2942 (1111111111ἐνπαν1ὶ

277 2979 439 3068 Βοσπόρῳ
450 2982 482 3068 ¹).
531 2985 632 3050 Cuius
665 2985 750 3049 iuris
783 2986 941 3051 civitates
974 2986 1157 3063 participes
1186 2984 1289 3049 fuisse
1314 3003 1450 3062 exspec-

278 3099 426 3172 taretur,
459 3092 614 3170 quoniam
644 3093 679 3156 in
715 3093 911 3157 civitatibus
939 3090 1058 3156 liberis
1082 3100 1218 3156 senatus
1242 3093 1450 3170 populusque

278 3216 317 3262 eo
341 3215 478 3262 munere
501 3197 701 3281 fragitum),
726 3199 784 3263 'sed
809 3201 843 3263 iu
866 3200 978 3264 titulis
1000 3218 1175 3278 numquam
1193 3199 1323 3262 occurit
1339 3193 1451 3270 ἔδοξεν

277 3306 399 3388 ullum,
431 3307 529 3370 immo
563 3324 660 3372 vero:
693 3298 710 3366 ὁ
743 3305 836 3367 δεῖνα
867 3305 923 3366 καὶ
946 3305 1062 3375 παῖδες
1086 3297 1228 3368 ἔδοσάν.1
1259 3305 1448 3370 Sedetiam

277 3401 369 3478 intra
398 3413 480 3478 fines
512 3431 553 3477 ex
586 3432 644 3477 suo
679 3414 821 3478 arbitrio
853 3431 953 3491 reges
986 3431 1042 3476 res
1070 3414 1276 3477 tractabant.
1308 3411 1448 3492 =Gyloui

279 3519 410 3598 quidem
424 3521 623 3584 Atheniensi
638 3520 800 3598 Ocpornm
814 3519 969 3598 oppidum
982 3539 1002 3582 a
1015 3519 1136 3599 Satyro
1151 3519 1235 3583 dono
1249 3518 1358 3600 detur,
1369 3520 1448 3583 item

279 3627 320 3690 ab
343 3627 485 3690 Eumelo
514 3627 711 3692 Callatianis
736 3627 885 3705 expulsis
910 3625 1002 3690 aliud
1027 3625 1192 3704 oppidum.
1240 3625 1369 3690 Deinde
1386 3626 1449 3690 soli

281 3751 381 3814 reges
400 3753 472 3797 cum
497 3734 693 3799 civitatibus
711 3735 837 3798 exteris
854 3741 968 3816 agunt,
994 3735 1205 3812 quamohrem
1223 3733 1289 3796 soli
1306 3733 1450 3798 decretis

278 3841 491 3905 nominantur
504 3843 712 3920 honoresque
725 3848 910 3920 reportent.
935 3841 1226 3906 EtiamArcadum
1242 3840 1337 3922 illud,
1355 3841 1450 3904 cuius

279 3949 383 4014 verba
429 3942 518 4018 ἔδοξε
561 3953 627 4018 τοῖς
655 3943 800 4030 Ἀρκάσιν
843 3943 1005 4011 Λεύκωνα
1040 3943 1318 4010 Πανιικαπαΐταν
1352 3947 1450 4013 valde

278 4053 514 4120 democratiam
539 4056 688 4137 sapiunt,
719 4063 831 4120 tamen
853 4057 929 4134 regi
954 4055 1169 4120 adtribuitur.
1204 4055 1328 4119 Eodem
1353 4053 1449 4118 modo

279 4162 388 4225 omnia
412 4163 667 4226 Atheniensium
700 4162 852 4243 decreta,
887 4164 1007 4242 quibus
1039 4147 1230 4226 immunitas
1263 4161 1450 4240 civitasque

276 4270 416 4348 regibus
442 4269 571 4351 dentur,
596 4288 661 4332 non
686 4271 817 4335 civibus
842 4269 1059 4347 Bosporanis

385 4429 398 4479 1
432 4425 492 4479 Lat.
514 4429 591 4480 1-3.

383 4429 411 4582 ἓξ
431 4515 588 4584 Monoeaux,
607 4514 647 4568 les
666 4515 806 4582 proxenies
826 4515 961 4582 Greoques
979 4532 1004 4583 p.
1018 4517 1053 4570 12
1063 4529 1119 4583 sqq.
1140 4519 1200 4570 2123.
