<?xml version="1.0" encoding="UTF-8"?>
<!DOCTYPE html PUBLIC "-//W3C//DTD XHTML 1.0 Transitional//EN"
    "http://www.w3.org/TR/xhtml1/DTD/xhtml1-transitional.dtd">
<html xmlns="http://www.w3.org/1999/xhtml" xml:lang="en" lang="en">
 <head>
  <title>
</title>
<meta http-equiv="Content-Type" content="text/html;charset=utf-8" />
  <meta name='ocr-system' content='tesseract 3.04.00' />
  <meta name='ocr-capabilities' content='ocr_page ocr_carea ocr_par ocr_line ocrx_word'/>
</head>
<body>
  <div class='ocr_page' id='page_1' title='image "./deregnobosporan00ortmgoog_0062.png"; bbox 0 0 3156 5080; ppageno 0'>
   <div class='ocr_carea' id='block_1_1' title="bbox 759 514 979 574">
    <p class='ocr_par' dir='ltr' id='par_1_1' title="bbox 759 514 979 574">
     <span class='ocr_line' id='line_1_1' title="bbox 759 514 979 574; baseline 0.005 -20"><span class='ocrx_word' id='word_1_1' title='bbox 759 514 979 574; x_wconf 75' lang='lat'>-53..</span> 
     </span>
    </p>
   </div>
   <div class='ocr_carea' id='block_1_2' title="bbox 281 699 1459 1537">
    <p class='ocr_par' dir='ltr' id='par_1_2' title="bbox 281 699 1459 1537">
     <span class='ocr_line' id='line_1_2' title="bbox 282 699 1455 786; baseline 0.001 -18"><span class='ocrx_word' id='word_1_2' title='bbox 282 703 466 786; x_wconf 79' lang='lat' dir='ltr'><strong>Cyzicenos</strong></span> <span class='ocrx_word' id='word_1_3' title='bbox 489 704 605 786; x_wconf 82' lang='lat' dir='ltr'>fuisse,</span> <span class='ocrx_word' id='word_1_4' title='bbox 630 704 716 784; x_wconf 88' lang='lat' dir='ltr'>quod</span> <span class='ocrx_word' id='word_1_5' title='bbox 738 699 905 772; x_wconf 85' lang='lat' dir='ltr'>mercator</span> <span class='ocrx_word' id='word_1_6' title='bbox 922 706 981 770; x_wconf 90' lang='lat' dir='ltr'>ille</span> <span class='ocrx_word' id='word_1_7' title='bbox 997 706 1215 771; x_wconf 74' lang='lat' dir='ltr'>Atheniensis</span> <span class='ocrx_word' id='word_1_8' title='bbox 1231 707 1455 771; x_wconf 82' lang='lat' dir='ltr'>Demosthene</span> 
     </span>
     <span class='ocr_line' id='line_1_3' title="bbox 281 807 1457 894; baseline 0.001 -19"><span class='ocrx_word' id='word_1_9' title='bbox 281 818 370 875; x_wconf 89' lang='lat' dir='ltr'>teste</span> <span class='ocrx_word' id='word_1_10' title='bbox 409 810 451 890; x_wconf 90' lang='lat' dir='ltr'>(c.</span> <span class='ocrx_word' id='word_1_11' title='bbox 481 813 614 876; x_wconf 92' lang='lat' dir='ltr'>Phorm.</span> <span class='ocrx_word' id='word_1_12' title='bbox 640 807 698 894; x_wconf 78' lang='lat'>23)</span> <span class='ocrx_word' id='word_1_13' title='bbox 739 813 923 893; x_wconf 82' lang='lat' dir='ltr'>Cyzicenos</span> <span class='ocrx_word' id='word_1_14' title='bbox 962 821 997 878; x_wconf 90' lang='lat' dir='ltr'>et</span> <span class='ocrx_word' id='word_1_15' title='bbox 1036 812 1210 878; x_wconf 80' lang='lat' dir='ltr'><strong>drachmas</strong></span> <span class='ocrx_word' id='word_1_16' title='bbox 1250 815 1385 878; x_wconf 88' lang='lat' dir='ltr'>Atticas</span> <span class='ocrx_word' id='word_1_17' title='bbox 1423 813 1457 876; x_wconf 91' lang='lat' dir='ltr'>in</span> 
     </span>
     <span class='ocr_line' id='line_1_4' title="bbox 282 919 1457 1001; baseline 0.003 -20"><span class='ocrx_word' id='word_1_18' title='bbox 282 919 433 997; x_wconf 90' lang='lat' dir='ltr'>Bosporo</span> <span class='ocrx_word' id='word_1_19' title='bbox 473 920 699 985; x_wconf 85' lang='lat' dir='ltr'>commutavit.</span> <span class='ocrx_word' id='word_1_20' title='bbox 758 919 935 998; x_wconf 87' lang='lat' dir='ltr'>Aequabat</span> <span class='ocrx_word' id='word_1_21' title='bbox 968 928 1079 984; x_wconf 89' lang='lat' dir='ltr'>autem</span> <span class='ocrx_word' id='word_1_22' title='bbox 1115 920 1301 1001; x_wconf 80' lang='lat' dir='ltr'>Cyzicenus</span> <span class='ocrx_word' id='word_1_23' title='bbox 1337 919 1457 984; x_wconf 90' lang='lat' dir='ltr'>duode-</span> 
     </span>
     <span class='ocr_line' id='line_1_5' title="bbox 281 1025 1457 1108; baseline 0.001 -19"><span class='ocrx_word' id='word_1_24' title='bbox 281 1026 426 1105; x_wconf 87' lang='lat' dir='ltr'>triginta</span> <span class='ocrx_word' id='word_1_25' title='bbox 450 1025 667 1104; x_wconf 58' lang='lat' dir='ltr'>drachmas).</span> <span class='ocrx_word' id='word_1_26' title='bbox 714 1027 865 1092; x_wconf 87' lang='lat' dir='ltr'>Mutatee</span> <span class='ocrx_word' id='word_1_27' title='bbox 889 1035 968 1092; x_wconf 90' lang='lat' dir='ltr'>sunt</span> <span class='ocrx_word' id='word_1_28' title='bbox 990 1045 1057 1108; x_wconf 90' lang='lat' dir='ltr'>res,</span> <span class='ocrx_word' id='word_1_29' title='bbox 1081 1036 1256 1106; x_wconf 89' lang='lat' dir='ltr'>postquam</span> <span class='ocrx_word' id='word_1_30' title='bbox 1274 1028 1457 1092; x_wconf 84' lang='lat' dir='ltr'>Athenien·</span> 
     </span>
     <span class='ocr_line' id='line_1_6' title="bbox 283 1132 1458 1213; baseline 0.001 -17"><span class='ocrx_word' id='word_1_31' title='bbox 283 1132 369 1197; x_wconf 91' lang='lat' dir='ltr'>sium</span> <span class='ocrx_word' id='word_1_32' title='bbox 401 1133 577 1211; x_wconf 91' lang='lat' dir='ltr'>imperium</span> <span class='ocrx_word' id='word_1_33' title='bbox 606 1134 713 1198; x_wconf 88' lang='lat' dir='ltr'>maius</span> <span class='ocrx_word' id='word_1_34' title='bbox 737 1133 862 1199; x_wconf 87' lang='lat' dir='ltr'>fectum</span> <span class='ocrx_word' id='word_1_35' title='bbox 886 1141 939 1199; x_wconf 91' lang='lat' dir='ltr'>est</span> <span class='ocrx_word' id='word_1_36' title='bbox 962 1144 1142 1213; x_wconf 88' lang='lat' dir='ltr'>eorumque</span> <span class='ocrx_word' id='word_1_37' title='bbox 1167 1135 1400 1199; x_wconf 83' lang='lat' dir='ltr'>commercium</span> <span class='ocrx_word' id='word_1_38' title='bbox 1424 1134 1458 1197; x_wconf 94' lang='lat' dir='ltr'>in</span> 
     </span>
     <span class='ocr_line' id='line_1_7' title="bbox 282 1238 1459 1323; baseline -0.001 -18"><span class='ocrx_word' id='word_1_39' title='bbox 282 1240 434 1318; x_wconf 91' lang='lat' dir='ltr'>Bosporo</span> <span class='ocrx_word' id='word_1_40' title='bbox 464 1239 626 1305; x_wconf 86' lang='lat' dir='ltr'>consedit.</span> <span class='ocrx_word' id='word_1_41' title='bbox 674 1239 821 1322; x_wconf 78' lang='lat' dir='ltr'>Quorum</span> <span class='ocrx_word' id='word_1_42' title='bbox 845 1241 967 1305; x_wconf 89' lang='lat' dir='ltr'>nummi</span> <span class='ocrx_word' id='word_1_43' title='bbox 993 1242 1148 1318; x_wconf 78' lang='lat' dir='ltr'>argentei</span> <span class='ocrx_word' id='word_1_44' title='bbox 1173 1238 1459 1323; x_wconf 87' lang='lat' dir='ltr'>(tetredrachmon</span> 
     </span>
     <span class='ocr_line' id='line_1_8' title="bbox 283 1347 1458 1429; baseline -0.001 -17"><span class='ocrx_word' id='word_1_45' title='bbox 283 1347 474 1412; x_wconf 84' lang='lat' dir='ltr'>Solonicum</span> <span class='ocrx_word' id='word_1_46' title='bbox 491 1367 524 1388; x_wconf 94' lang='lat'>=</span> <span class='ocrx_word' id='word_1_47' title='bbox 544 1351 639 1429; x_wconf 81' lang='grc'><strong>17,46</strong></span> <span class='ocrx_word' id='word_1_48' title='bbox 657 1367 695 1429; x_wconf 85' lang='lat' dir='ltr'>g,</span> <span class='ocrx_word' id='word_1_49' title='bbox 727 1348 822 1413; x_wconf 89' lang='lat' dir='ltr'>brevi</span> <span class='ocrx_word' id='word_1_50' title='bbox 847 1355 925 1412; x_wconf 90' lang='lat' dir='ltr'>ente</span> <span class='ocrx_word' id='word_1_51' title='bbox 948 1349 1127 1412; x_wconf 79' lang='lat' dir='ltr'>Persarum</span> <span class='ocrx_word' id='word_1_52' title='bbox 1152 1347 1458 1429; x_wconf 80' lang='lat' dir='ltr'>bella=17‚27g‚</span> 
     </span>
     <span class='ocr_line' id='line_1_9' title="bbox 283 1451 1459 1537; baseline -0.001 -19"><span class='ocrx_word' id='word_1_53' title='bbox 283 1454 427 1519; x_wconf 90' lang='lat' dir='ltr'>Hultsch</span> <span class='ocrx_word' id='word_1_54' title='bbox 444 1451 534 1537; x_wconf 61' lang='grc' dir='ltr'>ξπ)</span> <span class='ocrx_word' id='word_1_55' title='bbox 551 1463 588 1520; x_wconf 90' lang='lat' dir='ltr'>ut</span> <span class='ocrx_word' id='word_1_56' title='bbox 604 1456 727 1534; x_wconf 89' lang='lat' dir='ltr'>ubique</span> <span class='ocrx_word' id='word_1_57' title='bbox 744 1455 890 1519; x_wconf 76' lang='lat' dir='ltr'>libenter</span> <span class='ocrx_word' id='word_1_58' title='bbox 902 1454 1205 1536; x_wconf 61' lang='lat' dir='ltr'>accipiebantur).</span> <span class='ocrx_word' id='word_1_59' title='bbox 1217 1455 1266 1520; x_wconf 88' lang='lat' dir='ltr'>ita</span> <span class='ocrx_word' id='word_1_60' title='bbox 1277 1455 1459 1533; x_wconf 83' lang='lat' dir='ltr'>praecipue</span> 
     </span>
    </p>
   </div>
   <div class='ocr_carea' id='block_1_3' title="bbox 284 1563 1563 1644">
    <p class='ocr_par' dir='ltr' id='par_1_3' title="bbox 284 1563 1563 1644">
     <span class='ocr_line' id='line_1_10' title="bbox 284 1563 1563 1644; baseline -0.001 -19"><span class='ocrx_word' id='word_1_61' title='bbox 284 1563 319 1626; x_wconf 93' lang='lat' dir='ltr'>in</span> <span class='ocrx_word' id='word_1_62' title='bbox 343 1563 495 1626; x_wconf 91' lang='lat' dir='ltr'>omnibus</span> <span class='ocrx_word' id='word_1_63' title='bbox 531 1563 664 1640; x_wconf 92' lang='lat' dir='ltr'>imperii</span> <span class='ocrx_word' id='word_1_64' title='bbox 701 1563 898 1627; x_wconf 89' lang='lat' dir='ltr'>civitatibus</span> <span class='ocrx_word' id='word_1_65' title='bbox 933 1579 1084 1626; x_wconf 90' lang='lat' dir='ltr'>necnon</span> <span class='ocrx_word' id='word_1_66' title='bbox 1109 1563 1227 1644; x_wconf 82' lang='lat' dir='ltr'>iniis,</span> <span class='ocrx_word' id='word_1_67' title='bbox 1263 1563 1461 1642; x_wconf 88' lang='lat' dir='ltr'>quibuscum</span> <span class='ocrx_word' id='word_1_68' title='bbox 1562 1599 1563 1602; x_wconf 60' lang='lat'><em>=</em></span> 
     </span>
    </p>
   </div>
   <div class='ocr_carea' id='block_1_4' title="bbox 202 1661 1466 2286">
    <p class='ocr_par' dir='ltr' id='par_1_4' title="bbox 202 1661 1466 2286">
     <span class='ocr_line' id='line_1_11' title="bbox 285 1661 1464 1750; baseline -0.002 -16"><span class='ocrx_word' id='word_1_69' title='bbox 285 1670 484 1734; x_wconf 88' lang='lat' dir='ltr'>commercia</span> <span class='ocrx_word' id='word_1_70' title='bbox 507 1676 614 1750; x_wconf 77' lang='lat' dir='ltr'>erent,</span> <span class='ocrx_word' id='word_1_71' title='bbox 638 1661 833 1748; x_wconf 79' lang='lat' dir='ltr'>frequentes</span> <span class='ocrx_word' id='word_1_72' title='bbox 857 1669 990 1750; x_wconf 88' lang='lat' dir='ltr'>fiebant,</span> <span class='ocrx_word' id='word_1_73' title='bbox 1015 1688 1087 1734; x_wconf 93' lang='lat' dir='ltr'>cum</span> <span class='ocrx_word' id='word_1_74' title='bbox 1112 1671 1240 1749; x_wconf 88' lang='lat' dir='ltr'>proprii</span> <span class='ocrx_word' id='word_1_75' title='bbox 1263 1669 1387 1734; x_wconf 91' lang='lat' dir='ltr'>nummi</span> <span class='ocrx_word' id='word_1_76' title='bbox 1404 1677 1464 1733; x_wconf 89' lang='lat' dir='ltr'>sut</span> 
     </span>
     <span class='ocr_line' id='line_1_12' title="bbox 284 1776 1465 1856; baseline -0.001 -15"><span class='ocrx_word' id='word_1_77' title='bbox 284 1795 325 1842; x_wconf 83' lang='lat' dir='ltr'>ex</span> <span class='ocrx_word' id='word_1_78' title='bbox 341 1776 455 1841; x_wconf 92' lang='lat' dir='ltr'>eodem</span> <span class='ocrx_word' id='word_1_79' title='bbox 471 1777 588 1842; x_wconf 91' lang='lat' dir='ltr'>valore</span> <span class='ocrx_word' id='word_1_80' title='bbox 605 1784 663 1841; x_wconf 85' lang='lat' dir='ltr'>aut</span> <span class='ocrx_word' id='word_1_81' title='bbox 679 1794 720 1840; x_wconf 83' lang='lat' dir='ltr'>ex</span> <span class='ocrx_word' id='word_1_82' title='bbox 733 1777 800 1840; x_wconf 85' lang='lat' dir='ltr'>alio</span> <span class='ocrx_word' id='word_1_83' title='bbox 817 1777 962 1856; x_wconf 90' lang='lat' dir='ltr'>pristino</span> <span class='ocrx_word' id='word_1_84' title='bbox 979 1777 1093 1841; x_wconf 84' lang='lat' dir='ltr'>excusi</span> <span class='ocrx_word' id='word_1_85' title='bbox 1110 1785 1221 1842; x_wconf 88' lang='lat' dir='ltr'>temen</span> <span class='ocrx_word' id='word_1_86' title='bbox 1233 1777 1465 1842; x_wconf 80' lang='lat' dir='ltr'>retinerentur</span> 
     </span>
     <span class='ocr_line' id='line_1_13' title="bbox 284 1883 1465 1964; baseline -0.001 -16"><span class='ocrx_word' id='word_1_87' title='bbox 284 1885 426 1963; x_wconf 88' lang='lat' dir='ltr'>usuique</span> <span class='ocrx_word' id='word_1_88' title='bbox 471 1885 603 1948; x_wconf 91' lang='lat' dir='ltr'>interno</span> <span class='ocrx_word' id='word_1_89' title='bbox 649 1885 806 1964; x_wconf 81' lang='lat' dir='ltr'>essent⁸).</span> <span class='ocrx_word' id='word_1_90' title='bbox 875 1883 987 1948; x_wconf 83' lang='lat' dir='ltr'>Etiam</span> <span class='ocrx_word' id='word_1_91' title='bbox 1031 1885 1162 1948; x_wconf 88' lang='lat' dir='ltr'>tributa</span> <span class='ocrx_word' id='word_1_92' title='bbox 1200 1884 1465 1948; x_wconf 85' lang='lat' dir='ltr'>Atheniensibus</span> 
     </span>
     <span class='ocr_line' id='line_1_14' title="bbox 287 1989 1465 2070; baseline 0 -16"><span class='ocrx_word' id='word_1_93' title='bbox 287 1998 430 2070; x_wconf 82' lang='lat' dir='ltr'>argento</span> <span class='ocrx_word' id='word_1_94' title='bbox 461 1989 702 2068; x_wconf 89' lang='lat' dir='ltr'>pendebantur.</span> <span class='ocrx_word' id='word_1_95' title='bbox 749 1991 869 2056; x_wconf 90' lang='lat' dir='ltr'>Utrum</span> <span class='ocrx_word' id='word_1_96' title='bbox 893 1998 1002 2056; x_wconf 89' lang='lat' dir='ltr'>autem</span> <span class='ocrx_word' id='word_1_97' title='bbox 1028 1991 1215 2069; x_wconf 79' lang='lat' dir='ltr'>Bosporani</span> <span class='ocrx_word' id='word_1_98' title='bbox 1241 1992 1314 2055; x_wconf 87' lang='lat' dir='ltr'>eius</span> <span class='ocrx_word' id='word_1_99' title='bbox 1338 1991 1465 2055; x_wconf 86' lang='lat' dir='ltr'>aetatis</span> 
     </span>
     <span class='ocr_line' id='line_1_15' title="bbox 285 2096 1464 2178; baseline -0.002 -16"><span class='ocrx_word' id='word_1_100' title='bbox 285 2098 409 2162; x_wconf 90' lang='lat' dir='ltr'>nummi</span> <span class='ocrx_word' id='word_1_101' title='bbox 438 2097 701 2161; x_wconf 88' lang='lat' dir='ltr'>Atheniensibus</span> <span class='ocrx_word' id='word_1_102' title='bbox 732 2098 860 2162; x_wconf 88' lang='lat' dir='ltr'>similes</span> <span class='ocrx_word' id='word_1_103' title='bbox 891 2096 1019 2162; x_wconf 86' lang='lat' dir='ltr'>fuerint</span> <span class='ocrx_word' id='word_1_104' title='bbox 1051 2116 1094 2162; x_wconf 88' lang='lat' dir='ltr'>en</span> <span class='ocrx_word' id='word_1_105' title='bbox 1124 2099 1273 2176; x_wconf 90' lang='lat' dir='ltr'>propriis</span> <span class='ocrx_word' id='word_1_106' title='bbox 1296 2097 1464 2178; x_wconf 68' lang='lat' dir='ltr'>pristinis</span> 
     </span>
     <span class='ocr_line' id='line_1_16' title="bbox 202 2203 1466 2286; baseline 0.004 -24"><span class='ocrx_word' id='word_1_107' title='bbox 202 2247 210 2262; x_wconf 82' lang='lat'>.</span> <span class='ocrx_word' id='word_1_108' title='bbox 286 2203 411 2269; x_wconf 90' lang='lat' dir='ltr'>nescio.</span> <span class='ocrx_word' id='word_1_109' title='bbox 457 2203 592 2268; x_wconf 86' lang='lat' dir='ltr'>Pondus</span> <span class='ocrx_word' id='word_1_110' title='bbox 616 2211 726 2268; x_wconf 87' lang='lat' dir='ltr'>autem</span> <span class='ocrx_word' id='word_1_111' title='bbox 750 2212 986 2270; x_wconf 71' lang='lat' dir='ltr'>arreuteorum</span> <span class='ocrx_word' id='word_1_112' title='bbox 1011 2204 1295 2286; x_wconf 85' lang='lat' dir='ltr'>didrachmorum‚</span> <span class='ocrx_word' id='word_1_113' title='bbox 1320 2204 1466 2283; x_wconf 86' lang='lat' dir='ltr'>quaein</span> 
     </span>
    </p>
   </div>
   <div class='ocr_carea' id='block_1_5' title="bbox 287 2299 1564 2394">
    <p class='ocr_par' dir='ltr' id='par_1_5' title="bbox 287 2299 1564 2394">
     <span class='ocr_line' id='line_1_17' title="bbox 287 2299 1564 2394; baseline -0.001 -19"><span class='ocrx_word' id='word_1_114' title='bbox 287 2312 404 2375; x_wconf 90' lang='lat' dir='ltr'>Museo</span> <span class='ocrx_word' id='word_1_115' title='bbox 429 2299 573 2375; x_wconf 77' lang='lat' dir='ltr'>Britico‘</span> <span class='ocrx_word' id='word_1_116' title='bbox 586 2319 766 2376; x_wconf 89' lang='lat' dir='ltr'>servantur</span> <span class='ocrx_word' id='word_1_117' title='bbox 790 2307 828 2394; x_wconf 94' lang='lat' dir='ltr'>(l.</span> <span class='ocrx_word' id='word_1_118' title='bbox 846 2311 867 2375; x_wconf 94' lang='lat' dir='ltr'>l.</span> <span class='ocrx_word' id='word_1_119' title='bbox 885 2311 923 2375; x_wconf 92' lang='lat' dir='ltr'>N.</span> <span class='ocrx_word' id='word_1_120' title='bbox 942 2317 971 2376; x_wconf 75' lang='grc' dir='ltr'>ὅ.</span> <span class='ocrx_word' id='word_1_121' title='bbox 985 2318 1074 2377; x_wconf 62' lang='lat'>³12</span> <span class='ocrx_word' id='word_1_122' title='bbox 1092 2311 1128 2392; x_wconf 81' lang='lat' dir='ltr'>g)</span> <span class='ocrx_word' id='word_1_123' title='bbox 1152 2313 1260 2392; x_wconf 86' lang='lat' dir='ltr'>magis</span> <span class='ocrx_word' id='word_1_124' title='bbox 1284 2326 1320 2376; x_wconf 90' lang='lat' dir='ltr'>se</span> <span class='ocrx_word' id='word_1_125' title='bbox 1344 2329 1466 2390; x_wconf 85' lang='lat' dir='ltr'>appro-</span> <span class='ocrx_word' id='word_1_126' title='bbox 1562 2331 1564 2338; x_wconf 62' lang='lat'><strong><em>¹</em></strong></span> 
     </span>
    </p>
   </div>
   <div class='ocr_carea' id='block_1_6' title="bbox 287 2414 1465 2501">
    <p class='ocr_par' dir='ltr' id='par_1_6' title="bbox 287 2414 1465 2501">
     <span class='ocr_line' id='line_1_18' title="bbox 287 2414 1465 2501; baseline 0 -19"><span class='ocrx_word' id='word_1_127' title='bbox 287 2419 428 2498; x_wconf 90' lang='lat' dir='ltr'>pinquat</span> <span class='ocrx_word' id='word_1_128' title='bbox 451 2418 654 2498; x_wconf 86' lang='lat' dir='ltr'>Aeginetico</span> <span class='ocrx_word' id='word_1_129' title='bbox 688 2414 904 2501; x_wconf 81' lang='lat'><strong>(11‚9—12‚4</strong></span> <span class='ocrx_word' id='word_1_130' title='bbox 921 2418 957 2499; x_wconf 84' lang='lat' dir='ltr'>g)</span> <span class='ocrx_word' id='word_1_131' title='bbox 988 2428 1047 2484; x_wconf 91' lang='lat' dir='ltr'>aut</span> <span class='ocrx_word' id='word_1_132' title='bbox 1070 2419 1277 2501; x_wconf 89' lang='lat' dir='ltr'>Babylonico</span> <span class='ocrx_word' id='word_1_133' title='bbox 1311 2417 1465 2497; x_wconf 88' lang='lat' dir='ltr'>ponderi.</span> 
     </span>
    </p>
   </div>
   <div class='ocr_carea' id='block_1_7' title="bbox 287 2525 1564 2606">
    <p class='ocr_par' dir='ltr' id='par_1_7' title="bbox 287 2525 1564 2606">
     <span class='ocr_line' id='line_1_19' title="bbox 287 2525 1564 2606; baseline -0.002 -16"><span class='ocrx_word' id='word_1_134' title='bbox 287 2525 355 2590; x_wconf 90' lang='lat' dir='ltr'>Nec</span> <span class='ocrx_word' id='word_1_135' title='bbox 390 2544 455 2590; x_wconf 92' lang='lat' dir='ltr'>uon</span> <span class='ocrx_word' id='word_1_136' title='bbox 491 2526 584 2590; x_wconf 85' lang='lat' dir='ltr'>aurei</span> <span class='ocrx_word' id='word_1_137' title='bbox 621 2533 767 2590; x_wconf 87' lang='lat' dir='ltr'>stateres</span> <span class='ocrx_word' id='word_1_138' title='bbox 802 2526 1009 2605; x_wconf 84' lang='lat' dir='ltr'>aliquantum</span> <span class='ocrx_word' id='word_1_139' title='bbox 1045 2527 1222 2606; x_wconf 82' lang='lat' dir='ltr'>graviores</span> <span class='ocrx_word' id='word_1_140' title='bbox 1258 2533 1336 2591; x_wconf 88' lang='lat' dir='ltr'>sunt</span> <span class='ocrx_word' id='word_1_141' title='bbox 1367 2543 1466 2604; x_wconf 89' lang='lat' dir='ltr'>quam</span> <span class='ocrx_word' id='word_1_142' title='bbox 1562 2535 1564 2542; x_wconf 81' lang='grc'><em>’</em></span> 
     </span>
    </p>
   </div>
   <div class='ocr_carea' id='block_1_8' title="bbox 287 2630 1466 3035">
    <p class='ocr_par' dir='ltr' id='par_1_8' title="bbox 287 2630 1466 3035">
     <span class='ocr_line' id='line_1_20' title="bbox 287 2630 1466 2714; baseline -0.002 -16"><span class='ocrx_word' id='word_1_143' title='bbox 287 2633 395 2698; x_wconf 89' lang='lat' dir='ltr'>Attici</span> <span class='ocrx_word' id='word_1_144' title='bbox 421 2630 457 2714; x_wconf 88' lang='lat' dir='ltr'>(l.</span> <span class='ocrx_word' id='word_1_145' title='bbox 474 2633 497 2696; x_wconf 94' lang='lat' dir='ltr'>l.</span> <span class='ocrx_word' id='word_1_146' title='bbox 514 2633 552 2696; x_wconf 93' lang='lat' dir='ltr'>N.</span> <span class='ocrx_word' id='word_1_147' title='bbox 573 2633 682 2714; x_wconf 80' lang='lat'>1-4).</span> <span class='ocrx_word' id='word_1_148' title='bbox 718 2670 757 2676; x_wconf 81' lang='lat'>—</span> <span class='ocrx_word' id='word_1_149' title='bbox 789 2633 829 2698; x_wconf 92' lang='lat' dir='ltr'>Iu</span> <span class='ocrx_word' id='word_1_150' title='bbox 858 2652 975 2711; x_wconf 86' lang='lat' dir='ltr'>regum</span> <span class='ocrx_word' id='word_1_151' title='bbox 1010 2634 1128 2698; x_wconf 89' lang='lat' dir='ltr'>deinde</span> <span class='ocrx_word' id='word_1_152' title='bbox 1156 2634 1298 2698; x_wconf 87' lang='lat' dir='ltr'>nummis</span> <span class='ocrx_word' id='word_1_153' title='bbox 1321 2634 1466 2712; x_wconf 91' lang='lat' dir='ltr'>primum</span> 
     </span>
     <span class='ocr_line' id='line_1_21' title="bbox 288 2739 1466 2820; baseline -0.001 -15"><span class='ocrx_word' id='word_1_154' title='bbox 288 2748 366 2805; x_wconf 90' lang='lat' dir='ltr'>sunt</span> <span class='ocrx_word' id='word_1_155' title='bbox 390 2741 483 2804; x_wconf 88' lang='lat' dir='ltr'>aerei</span> <span class='ocrx_word' id='word_1_156' title='bbox 499 2741 675 2805; x_wconf 90' lang='lat' dir='ltr'>Leuconis.</span> <span class='ocrx_word' id='word_1_157' title='bbox 717 2739 781 2805; x_wconf 84' lang='lat' dir='ltr'>Sed</span> <span class='ocrx_word' id='word_1_158' title='bbox 806 2742 898 2804; x_wconf 87' lang='lat' dir='ltr'>aerei</span> <span class='ocrx_word' id='word_1_159' title='bbox 925 2759 1056 2820; x_wconf 87' lang='lat' dir='ltr'>semper</span> <span class='ocrx_word' id='word_1_160' title='bbox 1080 2741 1172 2805; x_wconf 91' lang='lat' dir='ltr'>dubii</span> <span class='ocrx_word' id='word_1_161' title='bbox 1196 2741 1332 2807; x_wconf 84' lang='lat' dir='ltr'>luerunt</span> <span class='ocrx_word' id='word_1_162' title='bbox 1356 2759 1466 2819; x_wconf 90' lang='lat' dir='ltr'>neque</span> 
     </span>
     <span class='ocr_line' id='line_1_22' title="bbox 288 2845 1466 2927; baseline 0.001 -16"><span class='ocrx_word' id='word_1_163' title='bbox 288 2848 464 2927; x_wconf 87' lang='lat' dir='ltr'>quicquam</span> <span class='ocrx_word' id='word_1_164' title='bbox 489 2848 575 2912; x_wconf 89' lang='lat' dir='ltr'>certi</span> <span class='ocrx_word' id='word_1_165' title='bbox 600 2845 640 2911; x_wconf 91' lang='lat' dir='ltr'>de</span> <span class='ocrx_word' id='word_1_166' title='bbox 657 2849 788 2912; x_wconf 91' lang='lat' dir='ltr'>nomine</span> <span class='ocrx_word' id='word_1_167' title='bbox 805 2866 867 2912; x_wconf 91' lang='lat' dir='ltr'>nec</span> <span class='ocrx_word' id='word_1_168' title='bbox 884 2847 923 2912; x_wconf 93' lang='lat' dir='ltr'>de</span> <span class='ocrx_word' id='word_1_169' title='bbox 940 2849 1057 2913; x_wconf 90' lang='lat' dir='ltr'>valore</span> <span class='ocrx_word' id='word_1_170' title='bbox 1073 2849 1269 2927; x_wconf 89' lang='lat' dir='ltr'>plerumque</span> <span class='ocrx_word' id='word_1_171' title='bbox 1287 2848 1466 2927; x_wconf 71' lang='lat' dir='ltr'>coustat4).</span> 
     </span>
     <span class='ocr_line' id='line_1_23' title="bbox 288 2953 1465 3035; baseline -0.003 -14"><span class='ocrx_word' id='word_1_172' title='bbox 288 2955 536 3022; x_wconf 88' lang='lat' dir='ltr'>Describuntur</span> <span class='ocrx_word' id='word_1_173' title='bbox 574 2954 726 3018; x_wconf 91' lang='lat' dir='ltr'>nonnulli</span> <span class='ocrx_word' id='word_1_174' title='bbox 765 2955 858 3018; x_wconf 87' lang='lat' dir='ltr'>aerei</span> <span class='ocrx_word' id='word_1_175' title='bbox 897 2956 932 3019; x_wconf 91' lang='lat' dir='ltr'>in</span> <span class='ocrx_word' id='word_1_176' title='bbox 968 2955 1153 3035; x_wconf 74' lang='lat' dir='ltr'>catalogue</span> <span class='ocrx_word' id='word_1_177' title='bbox 1189 2954 1227 3018; x_wconf 91' lang='lat' dir='ltr'>of</span> <span class='ocrx_word' id='word_1_178' title='bbox 1257 2955 1315 3019; x_wconf 85' lang='lat' dir='ltr'>the</span> <span class='ocrx_word' id='word_1_179' title='bbox 1352 2953 1410 3019; x_wconf 86' lang='lat' dir='ltr'>Gr.</span> <span class='ocrx_word' id='word_1_180' title='bbox 1435 2973 1465 3018; x_wconf 90' lang='lat' dir='ltr'>c.</span> 
     </span>
    </p>
   </div>
   <div class='ocr_carea' id='block_1_9' title="bbox 289 3059 1565 3146">
    <p class='ocr_par' dir='ltr' id='par_1_9' title="bbox 289 3059 1565 3146">
     <span class='ocr_line' id='line_1_24' title="bbox 289 3059 1565 3146; baseline -0.002 -18"><span class='ocrx_word' id='word_1_181' title='bbox 289 3063 328 3128; x_wconf 90' lang='lat' dir='ltr'>N.</span> <span class='ocrx_word' id='word_1_182' title='bbox 360 3067 488 3126; x_wconf 86' lang='lat'><strong>16--33</strong></span> <span class='ocrx_word' id='word_1_183' title='bbox 525 3063 617 3141; x_wconf 91' lang='lat' dir='ltr'>(ante</span> <span class='ocrx_word' id='word_1_184' title='bbox 652 3059 894 3146; x_wconf 84' lang='lat' dir='ltr'>Alexandrum)</span> <span class='ocrx_word' id='word_1_185' title='bbox 931 3067 1061 3126; x_wconf 79' lang='lat'><strong>34--52</strong></span> <span class='ocrx_word' id='word_1_186' title='bbox 1101 3061 1192 3141; x_wconf 89' lang='lat' dir='ltr'>(post</span> <span class='ocrx_word' id='word_1_187' title='bbox 1219 3060 1333 3142; x_wconf 82' lang='lat' dir='ltr'>Alex.)</span> <span class='ocrx_word' id='word_1_188' title='bbox 1367 3061 1467 3140; x_wconf 83' lang='lat' dir='ltr'>regis</span> <span class='ocrx_word' id='word_1_189' title='bbox 1564 3083 1565 3088; x_wconf 46' lang='lat'>¹</span> 
     </span>
    </p>
   </div>
   <div class='ocr_carea' id='block_1_10' title="bbox 288 3168 1468 3998">
    <p class='ocr_par' dir='ltr' id='par_1_10' title="bbox 288 3168 1468 3998">
     <span class='ocr_line' id='line_1_25' title="bbox 288 3168 1468 3251; baseline -0.001 -16"><span class='ocrx_word' id='word_1_190' title='bbox 288 3170 421 3235; x_wconf 90' lang='lat' dir='ltr'>nomine</span> <span class='ocrx_word' id='word_1_191' title='bbox 444 3188 510 3234; x_wconf 91' lang='lat' dir='ltr'>non</span> <span class='ocrx_word' id='word_1_192' title='bbox 527 3170 696 3235; x_wconf 90' lang='lat' dir='ltr'>instructi.</span> <span class='ocrx_word' id='word_1_193' title='bbox 736 3171 848 3235; x_wconf 89' lang='lat' dir='ltr'>Aliter</span> <span class='ocrx_word' id='word_1_194' title='bbox 863 3188 919 3235; x_wconf 89' lang='lat' dir='ltr'>res</span> <span class='ocrx_word' id='word_1_195' title='bbox 935 3188 971 3235; x_wconf 93' lang='lat' dir='ltr'>se</span> <span class='ocrx_word' id='word_1_196' title='bbox 988 3171 1099 3251; x_wconf 86' lang='lat' dir='ltr'>hebet,</span> <span class='ocrx_word' id='word_1_197' title='bbox 1124 3169 1210 3248; x_wconf 87' lang='lat' dir='ltr'>quod</span> <span class='ocrx_word' id='word_1_198' title='bbox 1227 3168 1269 3234; x_wconf 90' lang='lat' dir='ltr'>ad</span> <span class='ocrx_word' id='word_1_199' title='bbox 1284 3176 1468 3246; x_wconf 86' lang='lat' dir='ltr'>argenteos</span> 
     </span>
     <span class='ocr_line' id='line_1_26' title="bbox 289 3276 1467 3355; baseline -0.001 -14"><span class='ocrx_word' id='word_1_200' title='bbox 289 3295 438 3342; x_wconf 89' lang='lat' dir='ltr'>nummos</span> <span class='ocrx_word' id='word_1_201' title='bbox 463 3277 618 3355; x_wconf 85' lang='lat' dir='ltr'>Spartoci</span> <span class='ocrx_word' id='word_1_202' title='bbox 642 3285 677 3342; x_wconf 91' lang='lat' dir='ltr'>et</span> <span class='ocrx_word' id='word_1_203' title='bbox 701 3296 821 3342; x_wconf 88' lang='lat' dir='ltr'>eureos</span> <span class='ocrx_word' id='word_1_204' title='bbox 844 3277 1038 3342; x_wconf 88' lang='lat' dir='ltr'>Peerisedis</span> <span class='ocrx_word' id='word_1_205' title='bbox 1067 3277 1200 3342; x_wconf 87' lang='lat' dir='ltr'>attinet.</span> <span class='ocrx_word' id='word_1_206' title='bbox 1248 3277 1353 3340; x_wconf 91' lang='lat' dir='ltr'>Aurei</span> <span class='ocrx_word' id='word_1_207' title='bbox 1377 3276 1467 3340; x_wconf 89' lang='lat' dir='ltr'>enirn</span> 
     </span>
     <span class='ocr_line' id='line_1_27' title="bbox 290 3382 1467 3463; baseline -0.003 -14"><span class='ocrx_word' id='word_1_208' title='bbox 290 3392 435 3449; x_wconf 86' lang='lat' dir='ltr'>stateres</span> <span class='ocrx_word' id='word_1_209' title='bbox 471 3385 505 3447; x_wconf 91' lang='lat' dir='ltr'>iu</span> <span class='ocrx_word' id='word_1_210' title='bbox 541 3385 615 3462; x_wconf 91' lang='lat' dir='ltr'>ipsa</span> <span class='ocrx_word' id='word_1_211' title='bbox 645 3384 789 3448; x_wconf 83' lang='lat' dir='ltr'>Graecia</span> <span class='ocrx_word' id='word_1_212' title='bbox 824 3385 931 3463; x_wconf 94' lang='lat' dir='ltr'>primo</span> <span class='ocrx_word' id='word_1_213' title='bbox 967 3404 987 3448; x_wconf 88' lang='lat' dir='ltr'>a</span> <span class='ocrx_word' id='word_1_214' title='bbox 1017 3385 1174 3462; x_wconf 95' lang='lat' dir='ltr'>Philippo</span> <span class='ocrx_word' id='word_1_215' title='bbox 1210 3392 1245 3448; x_wconf 90' lang='lat' dir='ltr'>et</span> <span class='ocrx_word' id='word_1_216' title='bbox 1273 3382 1467 3447; x_wconf 84' lang='lat' dir='ltr'>Alexandro</span> 
     </span>
     <span class='ocr_line' id='line_1_28' title="bbox 289 3491 1468 3570; baseline -0.002 -14"><span class='ocrx_word' id='word_1_217' title='bbox 289 3491 526 3556; x_wconf 90' lang='lat' dir='ltr'>Macedonibus</span> <span class='ocrx_word' id='word_1_218' title='bbox 555 3491 669 3570; x_wconf 93' lang='lat' dir='ltr'>plures</span> <span class='ocrx_word' id='word_1_219' title='bbox 694 3491 910 3556; x_wconf 89' lang='lat' dir='ltr'>cudebantur.</span> <span class='ocrx_word' id='word_1_220' title='bbox 957 3491 1055 3570; x_wconf 90' lang='lat' dir='ltr'>Apud</span> <span class='ocrx_word' id='word_1_221' title='bbox 1079 3491 1303 3556; x_wconf 87' lang='lat' dir='ltr'>Athenienses</span> <span class='ocrx_word' id='word_1_222' title='bbox 1327 3509 1393 3554; x_wconf 93' lang='lat' dir='ltr'>nou</span> <span class='ocrx_word' id='word_1_223' title='bbox 1417 3491 1468 3554; x_wconf 88' lang='lat' dir='ltr'>ita</span> 
     </span>
     <span class='ocr_line' id='line_1_29' title="bbox 290 3597 1467 3679; baseline -0.002 -17"><span class='ocrx_word' id='word_1_224' title='bbox 290 3598 484 3678; x_wconf 87' lang='lat' dir='ltr'>frequentes</span> <span class='ocrx_word' id='word_1_225' title='bbox 520 3598 670 3679; x_wconf 82' lang='lat' dir='ltr'>fuerent,</span> <span class='ocrx_word' id='word_1_226' title='bbox 707 3600 762 3678; x_wconf 92' lang='lat' dir='ltr'>qui</span> <span class='ocrx_word' id='word_1_227' title='bbox 797 3599 929 3664; x_wconf 91' lang='lat' dir='ltr'>omnino</span> <span class='ocrx_word' id='word_1_228' title='bbox 959 3607 1084 3664; x_wconf 87' lang='lat' dir='ltr'>certam</span> <span class='ocrx_word' id='word_1_229' title='bbox 1108 3599 1212 3678; x_wconf 90' lang='lat' dir='ltr'>pretii</span> <span class='ocrx_word' id='word_1_230' title='bbox 1234 3599 1400 3663; x_wconf 83' lang='lat' dir='ltr'>rationem</span> <span class='ocrx_word' id='word_1_231' title='bbox 1426 3597 1467 3661; x_wconf 93' lang='lat' dir='ltr'>de</span> 
     </span>
     <span class='ocr_line' id='line_1_30' title="bbox 291 3704 1466 3785; baseline -0.001 -15"><span class='ocrx_word' id='word_1_232' title='bbox 291 3725 372 3771; x_wconf 89' lang='lat' dir='ltr'>auro</span> <span class='ocrx_word' id='word_1_233' title='bbox 412 3713 447 3770; x_wconf 88' lang='lat' dir='ltr'>et</span> <span class='ocrx_word' id='word_1_234' title='bbox 485 3713 626 3785; x_wconf 86' lang='lat' dir='ltr'>argento</span> <span class='ocrx_word' id='word_1_235' title='bbox 665 3725 731 3770; x_wconf 91' lang='lat' dir='ltr'>nou</span> <span class='ocrx_word' id='word_1_236' title='bbox 770 3704 1058 3782; x_wconf 65' lang='lat' dir='ltr'>constituerantl).</span> <span class='ocrx_word' id='word_1_237' title='bbox 1116 3705 1315 3770; x_wconf 86' lang='lat' dir='ltr'>Macedones</span> <span class='ocrx_word' id='word_1_238' title='bbox 1354 3713 1466 3769; x_wconf 89' lang='lat' dir='ltr'>eutem</span> 
     </span>
     <span class='ocr_line' id='line_1_31' title="bbox 290 3810 1466 3893; baseline -0.001 -17"><span class='ocrx_word' id='word_1_239' title='bbox 290 3813 397 3892; x_wconf 92' lang='lat' dir='ltr'>primo</span> <span class='ocrx_word' id='word_1_240' title='bbox 423 3813 641 3877; x_wconf 87' lang='lat' dir='ltr'>imitabantur</span> <span class='ocrx_word' id='word_1_241' title='bbox 665 3812 799 3877; x_wconf 89' lang='lat' dir='ltr'>dericos</span> <span class='ocrx_word' id='word_1_242' title='bbox 823 3831 943 3877; x_wconf 88' lang='lat' dir='ltr'>eureos</span> <span class='ocrx_word' id='word_1_243' title='bbox 967 3814 1145 3877; x_wconf 85' lang='lat' dir='ltr'>Persarum</span> <span class='ocrx_word' id='word_1_244' title='bbox 1170 3810 1294 3893; x_wconf 54' lang='lat' dir='ltr'>(serr),</span> <span class='ocrx_word' id='word_1_245' title='bbox 1326 3830 1466 3890; x_wconf 81' lang='lat' dir='ltr'>quorum</span> 
     </span>
     <span class='ocr_line' id='line_1_32' title="bbox 288 3919 1467 3998; baseline 0 -14"><span class='ocrx_word' id='word_1_246' title='bbox 288 3927 402 3984; x_wconf 86' lang='lat' dir='ltr'>temen</span> <span class='ocrx_word' id='word_1_247' title='bbox 447 3919 576 3998; x_wconf 92' lang='lat' dir='ltr'>pondus</span> <span class='ocrx_word' id='word_1_248' title='bbox 622 3920 877 3985; x_wconf 90' lang='lat' dir='ltr'>Atheniensium</span> <span class='ocrx_word' id='word_1_249' title='bbox 923 3921 1108 3985; x_wconf 89' lang='lat' dir='ltr'>stateribus</span> <span class='ocrx_word' id='word_1_250' title='bbox 1154 3919 1467 3998; x_wconf 85' lang='lat' dir='ltr'>appropinquabant</span> 
     </span>
    </p>
   </div>
   <div class='ocr_carea' id='block_1_11' title="bbox 292 4109 1565 4633">
    <p class='ocr_par' dir='ltr' id='par_1_11' title="bbox 401 4109 1395 4180">
     <span class='ocr_line' id='line_1_33' title="bbox 401 4109 1395 4180; baseline -0.001 -14"><span class='ocrx_word' id='word_1_251' title='bbox 401 4115 427 4176; x_wconf 94' lang='lat' dir='ltr'>l)</span> <span class='ocrx_word' id='word_1_252' title='bbox 446 4111 479 4166; x_wconf 86' lang='lat' dir='ltr'>ci.</span> <span class='ocrx_word' id='word_1_253' title='bbox 498 4111 686 4178; x_wconf 80' lang='lat' dir='ltr'>Mordtmeun,</span> <span class='ocrx_word' id='word_1_254' title='bbox 705 4111 780 4166; x_wconf 89' lang='lat' dir='ltr'>an.</span> <span class='ocrx_word' id='word_1_255' title='bbox 801 4112 904 4180; x_wconf 85' lang='lat' dir='ltr'>bospor.</span> <span class='ocrx_word' id='word_1_256' title='bbox 923 4111 1028 4165; x_wconf 80' lang='lat' dir='ltr'>Miluus.</span> <span class='ocrx_word' id='word_1_257' title='bbox 1047 4111 1159 4165; x_wconf 84' lang='lat' dir='ltr'>Hermes</span> <span class='ocrx_word' id='word_1_258' title='bbox 1178 4109 1254 4177; x_wconf 74' lang='grc' dir='ltr'>ΜΠ,</span> <span class='ocrx_word' id='word_1_259' title='bbox 1274 4111 1327 4164; x_wconf 84' lang='grc'>378</span> <span class='ocrx_word' id='word_1_260' title='bbox 1337 4125 1395 4176; x_wconf 82' lang='lat' dir='ltr'>sqq.</span> 
     </span>
    </p>

    <p class='ocr_par' dir='ltr' id='par_1_12' title="bbox 398 4183 1230 4269">
     <span class='ocr_line' id='line_1_34' title="bbox 398 4183 1230 4269; baseline 0.001 -13"><span class='ocrx_word' id='word_1_261' title='bbox 398 4204 427 4266; x_wconf 78' lang='lat' dir='ltr'>s)</span> <span class='ocrx_word' id='word_1_262' title='bbox 447 4201 482 4255; x_wconf 72' lang='lat' dir='ltr'>er.</span> <span class='ocrx_word' id='word_1_263' title='bbox 501 4201 605 4269; x_wconf 74' lang='lat' dir='ltr'>auson,</span> <span class='ocrx_word' id='word_1_264' title='bbox 625 4201 671 4256; x_wconf 76' lang='lat' dir='ltr'>er.</span> <span class='ocrx_word' id='word_1_265' title='bbox 691 4201 723 4257; x_wconf 88' lang='lat' dir='ltr'>c.</span> <span class='ocrx_word' id='word_1_266' title='bbox 742 4202 778 4269; x_wconf 88' lang='lat'>11,</span> <span class='ocrx_word' id='word_1_267' title='bbox 798 4203 859 4256; x_wconf 79' lang='lat' dir='ltr'>sse.</span> <span class='ocrx_word' id='word_1_268' title='bbox 1228 4183 1230 4190; x_wconf 71' lang='lat'>‘</span> 
     </span>
    </p>

    <p class='ocr_par' dir='ltr' id='par_1_13' title="bbox 399 4288 1128 4362">
     <span class='ocr_line' id='line_1_35' title="bbox 399 4288 1128 4362; baseline 0.001 -18"><span class='ocrx_word' id='word_1_269' title='bbox 399 4290 427 4356; x_wconf 82' lang='lat'>3)</span> <span class='ocrx_word' id='word_1_270' title='bbox 447 4288 563 4344; x_wconf 88' lang='lat' dir='ltr'>Hultsch</span> <span class='ocrx_word' id='word_1_271' title='bbox 582 4291 602 4347; x_wconf 86' lang='lat'>1.</span> <span class='ocrx_word' id='word_1_272' title='bbox 621 4292 638 4346; x_wconf 93' lang='lat' dir='ltr'>l.</span> <span class='ocrx_word' id='word_1_273' title='bbox 656 4307 682 4360; x_wconf 91' lang='lat' dir='ltr'>p.</span> <span class='ocrx_word' id='word_1_274' title='bbox 702 4292 763 4346; x_wconf 76' lang='lat'>240.</span> <span class='ocrx_word' id='word_1_275' title='bbox 862 4339 864 4344; x_wconf 88' lang='lat'>.</span> <span class='ocrx_word' id='word_1_276' title='bbox 1126 4358 1128 4362; x_wconf 18' lang='grc' dir='ltr'>Ι</span> 
     </span>
    </p>

    <p class='ocr_par' dir='ltr' id='par_1_14' title="bbox 292 4377 1565 4542">
     <span class='ocr_line' id='line_1_36' title="bbox 399 4377 1466 4450; baseline -0.002 -16"><span class='ocrx_word' id='word_1_277' title='bbox 399 4381 428 4448; x_wconf 86' lang='grc'>4)</span> <span class='ocrx_word' id='word_1_278' title='bbox 447 4380 563 4434; x_wconf 88' lang='lat' dir='ltr'>Hultsch</span> <span class='ocrx_word' id='word_1_279' title='bbox 583 4397 607 4449; x_wconf 94' lang='lat' dir='ltr'>p.</span> <span class='ocrx_word' id='word_1_280' title='bbox 627 4383 680 4436; x_wconf 74' lang='lat'>244</span> <span class='ocrx_word' id='word_1_281' title='bbox 693 4397 732 4449; x_wconf 84' lang='lat' dir='ltr'>sq.</span> <span class='ocrx_word' id='word_1_282' title='bbox 753 4411 784 4418; x_wconf 95' lang='lat'>-</span> <span class='ocrx_word' id='word_1_283' title='bbox 806 4381 838 4436; x_wconf 83' lang='lat' dir='ltr'>h.</span> <span class='ocrx_word' id='word_1_284' title='bbox 858 4380 967 4450; x_wconf 81' lang='lat' dir='ltr'>Miller,</span> <span class='ocrx_word' id='word_1_285' title='bbox 997 4380 1046 4433; x_wconf 86' lang='lat' dir='ltr'>Die</span> <span class='ocrx_word' id='word_1_286' title='bbox 1066 4380 1179 4433; x_wconf 83' lang='lat' dir='ltr'>lliiuzen</span> <span class='ocrx_word' id='word_1_287' title='bbox 1207 4377 1254 4434; x_wconf 86' lang='lat' dir='ltr'>des</span> <span class='ocrx_word' id='word_1_288' title='bbox 1282 4378 1368 4434; x_wconf 87' lang='lat' dir='ltr'>thrac.</span> <span class='ocrx_word' id='word_1_289' title='bbox 1396 4377 1466 4432; x_wconf 77' lang='lat' dir='ltr'>non.</span> 
     </span>
     <span class='ocr_line' id='line_1_37' title="bbox 292 4453 1565 4542; baseline 0.002 -19"><span class='ocrx_word' id='word_1_290' title='bbox 292 4469 470 4538; x_wconf 83' lang='lat' dir='ltr'>Lysimachus</span> <span class='ocrx_word' id='word_1_291' title='bbox 488 4470 521 4542; x_wconf 59' lang='grc' dir='ltr'>ἐξ</span> <span class='ocrx_word' id='word_1_292' title='bbox 534 4471 560 4538; x_wconf 87' lang='grc'>3,</span> <span class='ocrx_word' id='word_1_293' title='bbox 580 4473 605 4527; x_wconf 89' lang='grc'>7.</span> <span class='ocrx_word' id='word_1_294' title='bbox 1564 4453 1565 4462; x_wconf 32' lang='lat'>¹</span> 
     </span>
    </p>

    <p class='ocr_par' dir='ltr' id='par_1_15' title="bbox 399 4560 690 4633">
     <span class='ocr_line' id='line_1_38' title="bbox 399 4560 690 4633; baseline 0 -14"><span class='ocrx_word' id='word_1_295' title='bbox 399 4561 428 4629; x_wconf 84' lang='lat' dir='ltr'>b)</span> <span class='ocrx_word' id='word_1_296' title='bbox 445 4560 563 4619; x_wconf 82' lang='lat' dir='ltr'>Hultsch</span> <span class='ocrx_word' id='word_1_297' title='bbox 582 4577 608 4633; x_wconf 88' lang='lat' dir='ltr'>p.</span> <span class='ocrx_word' id='word_1_298' title='bbox 627 4562 690 4619; x_wconf 76' lang='lat'>225.</span> 
     </span>
    </p>
   </div>
   <div class='ocr_carea' id='block_1_12' title="bbox 0 0 1595 5080">
    <p class='ocr_par' dir='ltr' id='par_1_16' title="bbox 0 0 1595 5080">
     <span class='ocr_line' id='line_1_39' title="bbox 0 0 1595 5080; baseline 0 0"><span class='ocrx_word' id='word_1_299' title='bbox 0 0 1595 5080; x_wconf 95' lang='lat' dir='ltr'> </span> 
     </span>
    </p>
   </div>
  </div>
 </body>
</html>
