<?xml version="1.0" encoding="UTF-8"?>
<!DOCTYPE html PUBLIC "-//W3C//DTD XHTML 1.0 Transitional//EN"
    "http://www.w3.org/TR/xhtml1/DTD/xhtml1-transitional.dtd">
<html xmlns="http://www.w3.org/1999/xhtml" xml:lang="en" lang="en">
 <head>
  <title>
</title>
<meta http-equiv="Content-Type" content="text/html;charset=utf-8" />
  <meta name='ocr-system' content='tesseract 3.04.00' />
  <meta name='ocr-capabilities' content='ocr_page ocr_carea ocr_par ocr_line ocrx_word'/>
</head>
<body>
  <div class='ocr_page' id='page_1' title='image "./deregnobosporan00ortmgoog_0042.png"; bbox 0 0 3156 5080; ppageno 0'>
   <div class='ocr_carea' id='block_1_1' title="bbox 768 397 985 464">
    <p class='ocr_par' dir='ltr' id='par_1_1' title="bbox 768 397 985 464">
     <span class='ocr_line' id='line_1_1' title="bbox 768 397 985 464; baseline -0.009 -20"><span class='ocrx_word' id='word_1_1' title='bbox 768 397 985 464; x_wconf 64' lang='lat'><strong>„33-</strong></span> 
     </span>
    </p>
   </div>
   <div class='ocr_carea' id='block_1_2' title="bbox 289 589 1475 998">
    <p class='ocr_par' dir='ltr' id='par_1_2' title="bbox 289 589 1475 998">
     <span class='ocr_line' id='line_1_2' title="bbox 290 589 1475 677; baseline -0.004 -17"><span class='ocrx_word' id='word_1_2' title='bbox 290 593 464 674; x_wconf 89' lang='lat' dir='ltr'><strong>imperium</strong></span> <span class='ocrx_word' id='word_1_3' title='bbox 489 594 725 677; x_wconf 87' lang='lat' dir='ltr'><strong>occupandum,</strong></span> <span class='ocrx_word' id='word_1_4' title='bbox 750 594 857 676; x_wconf 83' lang='lat' dir='ltr'><strong>legati</strong></span> <span class='ocrx_word' id='word_1_5' title='bbox 873 593 1006 676; x_wconf 86' lang='lat' dir='ltr'><strong>Eumeli</strong></span> <span class='ocrx_word' id='word_1_6' title='bbox 1031 592 1249 674; x_wconf 89' lang='lat' dir='ltr'><strong>advenerunt,</strong></span> <span class='ocrx_word' id='word_1_7' title='bbox 1274 593 1332 671; x_wconf 90' lang='lat' dir='ltr'><strong>qui</strong></span> <span class='ocrx_word' id='word_1_8' title='bbox 1358 589 1475 656; x_wconf 83' lang='lat' dir='ltr'><strong>denuo</strong></span> 
     </span>
     <span class='ocr_line' id='line_1_3' title="bbox 289 699 1474 784; baseline -0.004 -16"><span class='ocrx_word' id='word_1_9' title='bbox 289 711 328 768; x_wconf 92' lang='lat' dir='ltr'><strong>ut</strong></span> <span class='ocrx_word' id='word_1_10' title='bbox 350 721 490 784; x_wconf 84' lang='lat' dir='ltr'><strong>regnum</strong></span> <span class='ocrx_word' id='word_1_11' title='bbox 521 701 731 767; x_wconf 90' lang='lat' dir='ltr'><strong>divideretur</strong></span> <span class='ocrx_word' id='word_1_12' title='bbox 754 703 977 783; x_wconf 78' lang='lat' dir='ltr'>postularent,</span> <span class='ocrx_word' id='word_1_13' title='bbox 1002 701 1059 766; x_wconf 95' lang='lat' dir='ltr'><strong>sed</strong></span> <span class='ocrx_word' id='word_1_14' title='bbox 1084 699 1211 765; x_wconf 83' lang='lat' dir='ltr'><strong>insecta</strong></span> <span class='ocrx_word' id='word_1_15' title='bbox 1234 718 1272 764; x_wconf 89' lang='lat' dir='ltr'><strong>re</strong></span> <span class='ocrx_word' id='word_1_16' title='bbox 1297 701 1474 764; x_wconf 84' lang='lat' dir='ltr'><strong>abierunt.</strong></span> 
     </span>
     <span class='ocr_line' id='line_1_4' title="bbox 289 807 1474 892; baseline -0.004 -17"><span class='ocrx_word' id='word_1_17' title='bbox 289 812 449 892; x_wconf 79' lang='lat' dir='ltr'><strong>Prytanis</strong></span> <span class='ocrx_word' id='word_1_18' title='bbox 473 818 594 892; x_wconf 89' lang='lat' dir='ltr'><strong>autem,</strong></span> <span class='ocrx_word' id='word_1_19' title='bbox 620 809 708 890; x_wconf 92' lang='lat' dir='ltr'><strong>quod</strong></span> <span class='ocrx_word' id='word_1_20' title='bbox 731 829 792 874; x_wconf 86' lang='lat' dir='ltr'><strong>rex</strong></span> <span class='ocrx_word' id='word_1_21' title='bbox 815 810 927 874; x_wconf 89' lang='lat' dir='ltr'><strong>subito</strong></span> <span class='ocrx_word' id='word_1_22' title='bbox 952 817 1102 874; x_wconf 88' lang='lat' dir='ltr'><strong>mortuus</strong></span> <span class='ocrx_word' id='word_1_23' title='bbox 1127 815 1227 889; x_wconf 89' lang='lat' dir='ltr'><strong>esset,</strong></span> <span class='ocrx_word' id='word_1_24' title='bbox 1253 808 1354 872; x_wconf 91' lang='lat' dir='ltr'><strong>etiam</strong></span> <span class='ocrx_word' id='word_1_25' title='bbox 1377 807 1474 870; x_wconf 92' lang='lat' dir='ltr'><strong>domi</strong></span> 
     </span>
     <span class='ocr_line' id='line_1_5' title="bbox 293 916 1474 998; baseline -0.003 -16"><span class='ocrx_word' id='word_1_26' title='bbox 293 937 434 998; x_wconf 85' lang='lat' dir='ltr'><strong>regnum</strong></span> <span class='ocrx_word' id='word_1_27' title='bbox 458 917 651 983; x_wconf 85' lang='lat' dir='ltr'><strong>firmandum</strong></span> <span class='ocrx_word' id='word_1_28' title='bbox 668 926 763 982; x_wconf 86' lang='lat' dir='ltr'><strong>ratus</strong></span> <span class='ocrx_word' id='word_1_29' title='bbox 789 936 860 981; x_wconf 94' lang='lat' dir='ltr'><strong>cum</strong></span> <span class='ocrx_word' id='word_1_30' title='bbox 885 917 1011 981; x_wconf 88' lang='lat' dir='ltr'><strong>maiore</strong></span> <span class='ocrx_word' id='word_1_31' title='bbox 1036 917 1206 981; x_wconf 84' lang='lat' dir='ltr'><strong>exercitus</strong></span> <span class='ocrx_word' id='word_1_32' title='bbox 1230 923 1326 995; x_wconf 86' lang='lat' dir='ltr'><strong>parte</strong></span> <span class='ocrx_word' id='word_1_33' title='bbox 1351 916 1474 981; x_wconf 90' lang='lat' dir='ltr'><strong>Panti-</strong></span> 
     </span>
    </p>
   </div>
   <div class='ocr_carea' id='block_1_3' title="bbox 1565 918 1567 973">
    <p class='ocr_par' dir='ltr' id='par_1_3' title="bbox 1565 918 1567 973">
     <span class='ocr_line' id='line_1_6' title="bbox 1565 918 1567 973; baseline 0 0"><span class='ocrx_word' id='word_1_34' title='bbox 1565 918 1567 973; x_wconf 88' lang='lat' dir='ltr'><strong>l</strong></span> 
     </span>
    </p>
   </div>
   <div class='ocr_carea' id='block_1_4' title="bbox 290 1018 1567 1106">
    <p class='ocr_par' dir='ltr' id='par_1_4' title="bbox 290 1018 1567 1106">
     <span class='ocr_line' id='line_1_7' title="bbox 290 1018 1567 1106; baseline -0.002 -16"><span class='ocrx_word' id='word_1_35' title='bbox 290 1044 447 1104; x_wconf 88' lang='lat' dir='ltr'><strong>capaeum</strong></span> <span class='ocrx_word' id='word_1_36' title='bbox 493 1025 617 1106; x_wconf 90' lang='lat' dir='ltr'><strong>rediit,</strong></span> <span class='ocrx_word' id='word_1_37' title='bbox 664 1025 863 1104; x_wconf 88' lang='lat' dir='ltr'><strong>praesertim</strong></span> <span class='ocrx_word' id='word_1_38' title='bbox 909 1043 981 1088; x_wconf 88' lang='lat' dir='ltr'><strong>oum</strong></span> <span class='ocrx_word' id='word_1_39' title='bbox 1021 1025 1135 1090; x_wconf 91' lang='lat' dir='ltr'><strong>hostes</strong></span> <span class='ocrx_word' id='word_1_40' title='bbox 1175 1032 1368 1089; x_wconf 89' lang='lat' dir='ltr'><strong>attenuatos</strong></span> <span class='ocrx_word' id='word_1_41' title='bbox 1409 1032 1475 1088; x_wconf 89' lang='lat' dir='ltr'><strong>aut</strong></span> <span class='ocrx_word' id='word_1_42' title='bbox 1566 1018 1567 1035; x_wconf 59' lang='lat'>¹</span> 
     </span>
    </p>
   </div>
   <div class='ocr_carea' id='block_1_5' title="bbox 209 1131 1473 4091">
    <p class='ocr_par' dir='ltr' id='par_1_5' title="bbox 209 1131 1473 4091">
     <span class='ocr_line' id='line_1_8' title="bbox 290 1131 1473 1210; baseline -0.001 -13"><span class='ocrx_word' id='word_1_43' title='bbox 290 1133 441 1199; x_wconf 91' lang='lat' dir='ltr'><strong>devictos</strong></span> <span class='ocrx_word' id='word_1_44' title='bbox 477 1150 550 1197; x_wconf 89' lang='lat' dir='ltr'><strong>asse</strong></span> <span class='ocrx_word' id='word_1_45' title='bbox 586 1139 732 1210; x_wconf 90' lang='lat' dir='ltr'><strong>putaret.</strong></span> <span class='ocrx_word' id='word_1_46' title='bbox 790 1131 859 1196; x_wconf 92' lang='lat' dir='ltr'><strong>Iam</strong></span> <span class='ocrx_word' id='word_1_47' title='bbox 896 1149 977 1196; x_wconf 90' lang='lat' dir='ltr'><strong>vero</strong></span> <span class='ocrx_word' id='word_1_48' title='bbox 1013 1131 1173 1196; x_wconf 81' lang='lat' dir='ltr'>Eumelus</span> <span class='ocrx_word' id='word_1_49' title='bbox 1208 1149 1249 1196; x_wconf 88' lang='lat' dir='ltr'><strong>ex</strong></span> <span class='ocrx_word' id='word_1_50' title='bbox 1286 1131 1473 1210; x_wconf 91' lang='lat' dir='ltr'><strong>paludibus</strong></span> 
     </span>
     <span class='ocr_line' id='line_1_9' title="bbox 289 1238 1473 1319; baseline -0.002 -15"><span class='ocrx_word' id='word_1_51' title='bbox 289 1257 508 1318; x_wconf 82' lang='lat' dir='ltr'><strong>prorumpens</strong></span> <span class='ocrx_word' id='word_1_52' title='bbox 540 1239 726 1319; x_wconf 84' lang='lat' dir='ltr'><strong>Gargazam</strong></span> <span class='ocrx_word' id='word_1_53' title='bbox 766 1239 899 1318; x_wconf 88' lang='lat' dir='ltr'><strong>aliaque</strong></span> <span class='ocrx_word' id='word_1_54' title='bbox 936 1239 1077 1303; x_wconf 88' lang='lat' dir='ltr'><strong>castella</strong></span> <span class='ocrx_word' id='word_1_55' title='bbox 1112 1238 1212 1304; x_wconf 88' lang='lat' dir='ltr'><strong>facile</strong></span> <span class='ocrx_word' id='word_1_56' title='bbox 1240 1239 1334 1317; x_wconf 86' lang='lat' dir='ltr'><strong>capit</strong></span> <span class='ocrx_word' id='word_1_57' title='bbox 1363 1247 1473 1318; x_wconf 89' lang='lat' dir='ltr'><strong>atque</strong></span> 
     </span>
     <span class='ocr_line' id='line_1_10' title="bbox 290 1345 1471 1424; baseline -0.001 -13"><span class='ocrx_word' id='word_1_58' title='bbox 290 1347 465 1412; x_wconf 88' lang='lat' dir='ltr'><strong>celerrime</strong></span> <span class='ocrx_word' id='word_1_59' title='bbox 496 1347 531 1412; x_wconf 91' lang='lat' dir='ltr'><strong>in</strong></span> <span class='ocrx_word' id='word_1_60' title='bbox 560 1347 696 1412; x_wconf 89' lang='lat' dir='ltr'><strong>intimos</strong></span> <span class='ocrx_word' id='word_1_61' title='bbox 720 1347 864 1424; x_wconf 86' lang='lat' dir='ltr'><strong>Bospori</strong></span> <span class='ocrx_word' id='word_1_62' title='bbox 895 1345 976 1410; x_wconf 91' lang='lat' dir='ltr'><strong>fines</strong></span> <span class='ocrx_word' id='word_1_63' title='bbox 1007 1347 1179 1424; x_wconf 80' lang='lat' dir='ltr'><strong>ingressus</strong></span> <span class='ocrx_word' id='word_1_64' title='bbox 1204 1353 1265 1411; x_wconf 90' lang='lat' dir='ltr'><strong>est.</strong></span> <span class='ocrx_word' id='word_1_65' title='bbox 1318 1345 1471 1410; x_wconf 78' lang='lat' dir='ltr'><strong>Tandem</strong></span> 
     </span>
     <span class='ocr_line' id='line_1_11' title="bbox 289 1452 1471 1534; baseline -0.001 -15"><span class='ocrx_word' id='word_1_66' title='bbox 289 1454 449 1534; x_wconf 81' lang='lat' dir='ltr'><strong>Prytanis</strong></span> <span class='ocrx_word' id='word_1_67' title='bbox 486 1454 518 1518; x_wconf 91' lang='lat' dir='ltr'><strong>ei</strong></span> <span class='ocrx_word' id='word_1_68' title='bbox 554 1453 708 1534; x_wconf 80' lang='lat' dir='ltr'><strong>obvenit,</strong></span> <span class='ocrx_word' id='word_1_69' title='bbox 745 1452 803 1518; x_wconf 89' lang='lat' dir='ltr'><strong>sed</strong></span> <span class='ocrx_word' id='word_1_70' title='bbox 839 1454 955 1531; x_wconf 89' lang='lat' dir='ltr'><strong>pulsus</strong></span> <span class='ocrx_word' id='word_1_71' title='bbox 992 1454 1025 1517; x_wconf 94' lang='lat' dir='ltr'><strong>in</strong></span> <span class='ocrx_word' id='word_1_72' title='bbox 1061 1454 1182 1518; x_wconf 90' lang='lat' dir='ltr'><strong>isthmo</strong></span> <span class='ocrx_word' id='word_1_73' title='bbox 1219 1454 1254 1517; x_wconf 90' lang='lat' dir='ltr'><strong>in</strong></span> <span class='ocrx_word' id='word_1_74' title='bbox 1289 1452 1471 1518; x_wconf 89' lang='lat' dir='ltr'><strong>Maitidem</strong></span> 
     </span>
     <span class='ocr_line' id='line_1_12' title="bbox 288 1559 1472 1642; baseline 0.002 -18"><span class='ocrx_word' id='word_1_75' title='bbox 288 1562 498 1639; x_wconf 80' lang='lat' dir='ltr'><strong>prominente</strong></span> <span class='ocrx_word' id='word_1_76' title='bbox 534 1578 570 1624; x_wconf 90' lang='lat' dir='ltr'><strong>se</strong></span> <span class='ocrx_word' id='word_1_77' title='bbox 606 1559 727 1624; x_wconf 90' lang='lat' dir='ltr'><strong>dedere</strong></span> <span class='ocrx_word' id='word_1_78' title='bbox 763 1561 898 1639; x_wconf 86' lang='lat' dir='ltr'><strong>cogitur</strong></span> <span class='ocrx_word' id='word_1_79' title='bbox 933 1579 972 1624; x_wconf 88' lang='lat' dir='ltr'><strong>ea</strong></span> <span class='ocrx_word' id='word_1_80' title='bbox 1008 1561 1099 1642; x_wconf 85' lang='lat' dir='ltr'><strong>lege,</strong></span> <span class='ocrx_word' id='word_1_81' title='bbox 1136 1569 1173 1626; x_wconf 90' lang='lat' dir='ltr'><strong>ut</strong></span> <span class='ocrx_word' id='word_1_82' title='bbox 1209 1562 1393 1626; x_wconf 83' lang='lat' dir='ltr'><strong>exercitum</strong></span> <span class='ocrx_word' id='word_1_83' title='bbox 1431 1569 1472 1626; x_wconf 86' lang='lat' dir='ltr'><strong>et</strong></span> 
     </span>
     <span class='ocr_line' id='line_1_13' title="bbox 287 1665 1466 1749; baseline 0 -17"><span class='ocrx_word' id='word_1_84' title='bbox 287 1685 427 1747; x_wconf 80' lang='lat' dir='ltr'><strong>regnum</strong></span> <span class='ocrx_word' id='word_1_85' title='bbox 442 1666 605 1732; x_wconf 88' lang='lat' dir='ltr'><strong>traderet.</strong></span> <span class='ocrx_word' id='word_1_86' title='bbox 630 1665 725 1732; x_wconf 85' lang='lat' dir='ltr'><strong>Addo</strong></span> <span class='ocrx_word' id='word_1_87' title='bbox 742 1667 817 1731; x_wconf 86' lang='lat' dir='ltr'><strong>loca</strong></span> <span class='ocrx_word' id='word_1_88' title='bbox 834 1667 954 1745; x_wconf 91' lang='lat' dir='ltr'><strong>quibus</strong></span> <span class='ocrx_word' id='word_1_89' title='bbox 970 1667 1095 1731; x_wconf 93' lang='lat' dir='ltr'><strong>bellum</strong></span> <span class='ocrx_word' id='word_1_90' title='bbox 1113 1667 1262 1749; x_wconf 82' lang='lat' dir='ltr'><strong>ardebat,</strong></span> <span class='ocrx_word' id='word_1_91' title='bbox 1287 1669 1466 1732; x_wconf 87' lang='lat' dir='ltr'><strong>Boeokhio</strong></span> 
     </span>
     <span class='ocr_line' id='line_1_14' title="bbox 288 1773 1467 1857; baseline 0 -18"><span class='ocrx_word' id='word_1_92' title='bbox 288 1774 535 1840; x_wconf 87' lang='lat' dir='ltr'><strong>demonstrante</strong></span> <span class='ocrx_word' id='word_1_93' title='bbox 577 1774 611 1838; x_wconf 94' lang='lat' dir='ltr'><strong>in</strong></span> <span class='ocrx_word' id='word_1_94' title='bbox 649 1792 708 1838; x_wconf 87' lang='lat' dir='ltr'><strong>ora</strong></span> <span class='ocrx_word' id='word_1_95' title='bbox 737 1773 889 1838; x_wconf 91' lang='lat' dir='ltr'><strong>Maitidis</strong></span> <span class='ocrx_word' id='word_1_96' title='bbox 920 1774 1263 1857; x_wconf 86' lang='lat' dir='ltr'><strong>orientali-inveniri,</strong></span> <span class='ocrx_word' id='word_1_97' title='bbox 1298 1794 1371 1840; x_wconf 91' lang='lat' dir='ltr'><strong>cum</strong></span> <span class='ocrx_word' id='word_1_98' title='bbox 1396 1776 1467 1840; x_wconf 88' lang='lat' dir='ltr'><strong>alia</strong></span> 
     </span>
     <span class='ocr_line' id='line_1_15' title="bbox 288 1879 1465 1964; baseline 0.002 -18"><span class='ocrx_word' id='word_1_99' title='bbox 288 1883 470 1947; x_wconf 86' lang='lat' dir='ltr'><strong>statuerint</strong></span> <span class='ocrx_word' id='word_1_100' title='bbox 486 1882 606 1963; x_wconf 88' lang='lat' dir='ltr'><strong>Ukert,</strong></span> <span class='ocrx_word' id='word_1_101' title='bbox 632 1879 771 1964; x_wconf 84' lang='lat' dir='ltr'><strong>Grote¹)</strong></span> <span class='ocrx_word' id='word_1_102' title='bbox 796 1880 835 1945; x_wconf 93' lang='lat' dir='ltr'><strong>de</strong></span> <span class='ocrx_word' id='word_1_103' title='bbox 853 1881 1083 1946; x_wconf 78' lang='lat' dir='ltr'><strong>Chersonneso</strong></span> <span class='ocrx_word' id='word_1_104' title='bbox 1100 1883 1245 1946; x_wconf 77' lang='lat' dir='ltr'><strong>Taurica</strong></span> <span class='ocrx_word' id='word_1_105' title='bbox 1262 1884 1465 1962; x_wconf 84' lang='lat' dir='ltr'><strong>cogitantes.</strong></span> 
     </span>
     <span class='ocr_line' id='line_1_16' title="bbox 287 1989 1467 2072; baseline 0.002 -19"><span class='ocrx_word' id='word_1_106' title='bbox 287 1989 338 2054; x_wconf 89' lang='lat' dir='ltr'><strong>De</strong></span> <span class='ocrx_word' id='word_1_107' title='bbox 362 1990 485 2054; x_wconf 91' lang='lat' dir='ltr'><strong>isthmo</strong></span> <span class='ocrx_word' id='word_1_108' title='bbox 509 1996 635 2071; x_wconf 90' lang='lat' dir='ltr'><strong>autem,</strong></span> <span class='ocrx_word' id='word_1_109' title='bbox 668 1989 724 2053; x_wconf 92' lang='lat' dir='ltr'><strong>ubi</strong></span> <span class='ocrx_word' id='word_1_110' title='bbox 749 1989 910 2069; x_wconf 87' lang='lat' dir='ltr'><strong>Prytanis</strong></span> <span class='ocrx_word' id='word_1_111' title='bbox 935 1996 1052 2067; x_wconf 90' lang='lat' dir='ltr'><strong>captus</strong></span> <span class='ocrx_word' id='word_1_112' title='bbox 1077 1996 1139 2072; x_wconf 89' lang='lat' dir='ltr'><strong>est,</strong></span> <span class='ocrx_word' id='word_1_113' title='bbox 1163 1989 1240 2055; x_wconf 89' lang='lat' dir='ltr'><strong>vide</strong></span> <span class='ocrx_word' id='word_1_114' title='bbox 1266 2009 1351 2069; x_wconf 90' lang='lat' dir='ltr'><strong>quae</strong></span> <span class='ocrx_word' id='word_1_115' title='bbox 1376 1991 1467 2055; x_wconf 90' lang='lat' dir='ltr'><strong>Neu-</strong></span> 
     </span>
     <span class='ocr_line' id='line_1_17' title="bbox 209 2095 1469 2172; baseline 0.002 -12"><span class='ocrx_word' id='word_1_116' title='bbox 209 2141 211 2148; x_wconf 48' lang='lat'>&lt;</span> <span class='ocrx_word' id='word_1_117' title='bbox 287 2115 385 2160; x_wconf 91' lang='lat' dir='ltr'><strong>mann</strong></span> <span class='ocrx_word' id='word_1_118' title='bbox 419 2097 453 2160; x_wconf 94' lang='lat' dir='ltr'><strong>in</strong></span> <span class='ocrx_word' id='word_1_119' title='bbox 485 2095 703 2160; x_wconf 85' lang='lat' dir='ltr'><strong>describenda</strong></span> <span class='ocrx_word' id='word_1_120' title='bbox 733 2095 902 2160; x_wconf 84' lang='lat' dir='ltr'><strong>Cimmerii</strong></span> <span class='ocrx_word' id='word_1_121' title='bbox 934 2097 1074 2172; x_wconf 82' lang='lat' dir='ltr'><strong>regione</strong></span> <span class='ocrx_word' id='word_1_122' title='bbox 1107 2095 1242 2161; x_wconf 83' lang='lat' dir='ltr'><strong>dixerit.</strong></span> <span class='ocrx_word' id='word_1_123' title='bbox 1290 2097 1354 2162; x_wconf 89' lang='lat' dir='ltr'><strong>Sed</strong></span> <span class='ocrx_word' id='word_1_124' title='bbox 1388 2097 1469 2162; x_wconf 95' lang='lat' dir='ltr'><strong>dum</strong></span> 
     </span>
     <span class='ocr_line' id='line_1_18' title="bbox 287 2201 1471 2284; baseline 0.003 -18"><span class='ocrx_word' id='word_1_125' title='bbox 287 2203 448 2267; x_wconf 83' lang='lat' dir='ltr'><strong>Eumelus</strong></span> <span class='ocrx_word' id='word_1_126' title='bbox 481 2203 515 2266; x_wconf 94' lang='lat' dir='ltr'><strong>in</strong></span> <span class='ocrx_word' id='word_1_127' title='bbox 544 2202 729 2280; x_wconf 88' lang='lat' dir='ltr'><strong>provinciis</strong></span> <span class='ocrx_word' id='word_1_128' title='bbox 760 2201 920 2279; x_wconf 86' lang='lat' dir='ltr'><strong>pacandis</strong></span> <span class='ocrx_word' id='word_1_129' title='bbox 948 2209 1122 2283; x_wconf 89' lang='lat' dir='ltr'><strong>versatur,</strong></span> <span class='ocrx_word' id='word_1_130' title='bbox 1164 2204 1323 2284; x_wconf 90' lang='lat' dir='ltr'><strong>Prytanis</strong></span> <span class='ocrx_word' id='word_1_131' title='bbox 1348 2205 1471 2270; x_wconf 86' lang='lat' dir='ltr'><strong>Panti-</strong></span> 
     </span>
     <span class='ocr_line' id='line_1_19' title="bbox 289 2309 1470 2389; baseline 0.002 -15"><span class='ocrx_word' id='word_1_132' title='bbox 289 2309 404 2388; x_wconf 87' lang='lat' dir='ltr'><strong>capaei</strong></span> <span class='ocrx_word' id='word_1_133' title='bbox 447 2309 703 2374; x_wconf 89' lang='lat' dir='ltr'><strong>rebellationem</strong></span> <span class='ocrx_word' id='word_1_134' title='bbox 748 2309 938 2386; x_wconf 88' lang='lat' dir='ltr'><strong>temptavit.</strong></span> <span class='ocrx_word' id='word_1_135' title='bbox 998 2309 1062 2388; x_wconf 82' lang='lat' dir='ltr'><strong>spo</strong></span> <span class='ocrx_word' id='word_1_136' title='bbox 1098 2317 1208 2374; x_wconf 89' lang='lat' dir='ltr'><strong>autem</strong></span> <span class='ocrx_word' id='word_1_137' title='bbox 1246 2311 1386 2389; x_wconf 88' lang='lat' dir='ltr'><strong>decepta</strong></span> <span class='ocrx_word' id='word_1_138' title='bbox 1422 2331 1470 2376; x_wconf 84' lang='lat' dir='ltr'><strong>ex</strong></span> 
     </span>
     <span class='ocr_line' id='line_1_20' title="bbox 288 2415 1469 2498; baseline 0.002 -16"><span class='ocrx_word' id='word_1_139' title='bbox 288 2418 371 2482; x_wconf 91' lang='lat' dir='ltr'><strong>urbe</strong></span> <span class='ocrx_word' id='word_1_140' title='bbox 409 2418 567 2496; x_wconf 87' lang='lat' dir='ltr'><strong>expulsus</strong></span> <span class='ocrx_word' id='word_1_141' title='bbox 599 2423 694 2481; x_wconf 89' lang='lat' dir='ltr'><strong>trans</strong></span> <span class='ocrx_word' id='word_1_142' title='bbox 724 2415 847 2480; x_wconf 84' lang='lat' dir='ltr'><strong>fretum</strong></span> <span class='ocrx_word' id='word_1_143' title='bbox 881 2435 953 2480; x_wconf 91' lang='lat' dir='ltr'><strong>cum</strong></span> <span class='ocrx_word' id='word_1_144' title='bbox 985 2415 1177 2498; x_wconf 82' lang='lat' dir='ltr'><strong>effugisset,</strong></span> <span class='ocrx_word' id='word_1_145' title='bbox 1214 2417 1312 2496; x_wconf 81' lang='lat' dir='ltr'><strong>Cepis</strong></span> <span class='ocrx_word' id='word_1_146' title='bbox 1345 2427 1469 2496; x_wconf 89' lang='lat' dir='ltr'><strong>captus</strong></span> 
     </span>
     <span class='ocr_line' id='line_1_21' title="bbox 288 2522 1468 2603; baseline 0.001 -14"><span class='ocrx_word' id='word_1_147' title='bbox 288 2532 322 2589; x_wconf 89' lang='lat' dir='ltr'><strong>et</strong></span> <span class='ocrx_word' id='word_1_148' title='bbox 353 2525 574 2603; x_wconf 88' lang='lat' dir='ltr'><strong>interemptus</strong></span> <span class='ocrx_word' id='word_1_149' title='bbox 606 2531 668 2589; x_wconf 88' lang='lat' dir='ltr'><strong>est.</strong></span> <span class='ocrx_word' id='word_1_150' title='bbox 715 2522 785 2588; x_wconf 85' lang='lat' dir='ltr'><strong>Iam</strong></span> <span class='ocrx_word' id='word_1_151' title='bbox 809 2523 969 2588; x_wconf 82' lang='lat' dir='ltr'><strong>Eumelus</strong></span> <span class='ocrx_word' id='word_1_152' title='bbox 1003 2525 1165 2588; x_wconf 87' lang='lat' dir='ltr'><strong>acerrime</strong></span> <span class='ocrx_word' id='word_1_153' title='bbox 1190 2526 1230 2589; x_wconf 88' lang='lat' dir='ltr'><strong>ab</strong></span> <span class='ocrx_word' id='word_1_154' title='bbox 1256 2526 1402 2590; x_wconf 90' lang='lat' dir='ltr'><strong>inimicis</strong></span> <span class='ocrx_word' id='word_1_155' title='bbox 1426 2545 1468 2590; x_wconf 90' lang='lat' dir='ltr'><strong>se</strong></span> 
     </span>
     <span class='ocr_line' id='line_1_22' title="bbox 288 2630 1467 2722; baseline 0.002 -26"><span class='ocrx_word' id='word_1_156' title='bbox 288 2633 435 2696; x_wconf 88' lang='lat' dir='ltr'><strong>liberare</strong></span> <span class='ocrx_word' id='word_1_157' title='bbox 470 2632 614 2696; x_wconf 89' lang='lat' dir='ltr'><strong>animum</strong></span> <span class='ocrx_word' id='word_1_158' title='bbox 649 2630 791 2722; x_wconf 66' lang='lat' dir='ltr'><strong>induruit.</strong></span> <span class='ocrx_word' id='word_1_159' title='bbox 846 2630 966 2695; x_wconf 89' lang='lat' dir='ltr'><strong>Omnes</strong></span> <span class='ocrx_word' id='word_1_160' title='bbox 1002 2633 1089 2696; x_wconf 91' lang='lat' dir='ltr'><strong>enim</strong></span> <span class='ocrx_word' id='word_1_161' title='bbox 1124 2631 1267 2698; x_wconf 89' lang='lat' dir='ltr'><strong>fratrum</strong></span> <span class='ocrx_word' id='word_1_162' title='bbox 1300 2641 1467 2712; x_wconf 82' lang='lat' dir='ltr'><strong>cognatos</strong></span> 
     </span>
     <span class='ocr_line' id='line_1_23' title="bbox 286 2736 1466 2820; baseline 0.001 -17"><span class='ocrx_word' id='word_1_163' title='bbox 286 2738 482 2820; x_wconf 89' lang='lat' dir='ltr'><strong>trucidavit,</strong></span> <span class='ocrx_word' id='word_1_164' title='bbox 507 2745 732 2802; x_wconf 85' lang='lat' dir='ltr'><strong>onustantum</strong></span> <span class='ocrx_word' id='word_1_165' title='bbox 750 2738 864 2817; x_wconf 84' lang='lat' dir='ltr'><strong>Satyri</strong></span> <span class='ocrx_word' id='word_1_166' title='bbox 888 2736 978 2801; x_wconf 91' lang='lat' dir='ltr'><strong>filius</strong></span> <span class='ocrx_word' id='word_1_167' title='bbox 1001 2738 1173 2804; x_wconf 89' lang='lat' dir='ltr'><strong>admodum</strong></span> <span class='ocrx_word' id='word_1_168' title='bbox 1191 2739 1466 2804; x_wconf 89' lang='lat' dir='ltr'><strong>adulescentulus</strong></span> 
     </span>
     <span class='ocr_line' id='line_1_24' title="bbox 288 2843 1464 2926; baseline 0.001 -17"><span class='ocrx_word' id='word_1_169' title='bbox 288 2844 329 2909; x_wconf 94' lang='lat' dir='ltr'><strong>ad</strong></span> <span class='ocrx_word' id='word_1_170' title='bbox 354 2845 496 2926; x_wconf 84' lang='lat' dir='ltr'><strong>Scythae</strong></span> <span class='ocrx_word' id='word_1_171' title='bbox 522 2844 723 2909; x_wconf 81' lang='lat' dir='ltr'><strong>Chersonesi</strong></span> <span class='ocrx_word' id='word_1_172' title='bbox 748 2843 875 2921; x_wconf 83' lang='lat' dir='ltr'><strong>effugit.</strong></span> <span class='ocrx_word' id='word_1_173' title='bbox 922 2845 991 2908; x_wconf 87' lang='lat' dir='ltr'><strong>Nec</strong></span> <span class='ocrx_word' id='word_1_174' title='bbox 1016 2845 1055 2909; x_wconf 90' lang='lat' dir='ltr'><strong>de</strong></span> <span class='ocrx_word' id='word_1_175' title='bbox 1080 2865 1118 2910; x_wconf 88' lang='lat' dir='ltr'><strong>co</strong></span> <span class='ocrx_word' id='word_1_176' title='bbox 1144 2847 1319 2926; x_wconf 88' lang='lat' dir='ltr'><strong>quicquam</strong></span> <span class='ocrx_word' id='word_1_177' title='bbox 1343 2855 1464 2926; x_wconf 90' lang='lat' dir='ltr'><strong>postea</strong></span> 
     </span>
     <span class='ocr_line' id='line_1_25' title="bbox 287 2950 1463 3032; baseline 0 -16"><span class='ocrx_word' id='word_1_178' title='bbox 287 2959 499 3016; x_wconf 86' lang='lat' dir='ltr'><strong>memoratur.</strong></span> <span class='ocrx_word' id='word_1_179' title='bbox 547 2951 649 3017; x_wconf 82' lang='lat' dir='ltr'><strong>Cuius</strong></span> <span class='ocrx_word' id='word_1_180' title='bbox 672 2951 834 3014; x_wconf 90' lang='lat' dir='ltr'><strong>barbarae</strong></span> <span class='ocrx_word' id='word_1_181' title='bbox 860 2950 1072 3017; x_wconf 85' lang='lat' dir='ltr'><strong>crudelitatis</strong></span> <span class='ocrx_word' id='word_1_182' title='bbox 1085 2954 1337 3032; x_wconf 87' lang='lat' dir='ltr'><strong>Panticapaitas</strong></span> <span class='ocrx_word' id='word_1_183' title='bbox 1361 2955 1463 3019; x_wconf 89' lang='lat' dir='ltr'><strong>vehe-</strong></span> 
     </span>
     <span class='ocr_line' id='line_1_26' title="bbox 288 3057 1462 3139; baseline 0.003 -17"><span class='ocrx_word' id='word_1_184' title='bbox 288 3065 417 3122; x_wconf 90' lang='lat' dir='ltr'><strong>menter</strong></span> <span class='ocrx_word' id='word_1_185' title='bbox 441 3067 632 3136; x_wconf 88' lang='lat' dir='ltr'><strong>pertaesum</strong></span> <span class='ocrx_word' id='word_1_186' title='bbox 657 3065 723 3139; x_wconf 90' lang='lat' dir='ltr'><strong>est,</strong></span> <span class='ocrx_word' id='word_1_187' title='bbox 758 3057 957 3135; x_wconf 87' lang='lat' dir='ltr'><strong>praesertim</strong></span> <span class='ocrx_word' id='word_1_188' title='bbox 983 3068 1220 3138; x_wconf 89' lang='lat' dir='ltr'><strong>cumpropter</strong></span> <span class='ocrx_word' id='word_1_189' title='bbox 1243 3062 1462 3126; x_wconf 89' lang='lat' dir='ltr'><strong>barbarorum</strong></span> 
     </span>
     <span class='ocr_line' id='line_1_27' title="bbox 289 3165 1463 3247; baseline 0.003 -18"><span class='ocrx_word' id='word_1_190' title='bbox 289 3172 323 3229; x_wconf 91' lang='lat' dir='ltr'><strong>et</strong></span> <span class='ocrx_word' id='word_1_191' title='bbox 343 3165 476 3230; x_wconf 90' lang='lat' dir='ltr'><strong>Eumeli</strong></span> <span class='ocrx_word' id='word_1_192' title='bbox 500 3167 697 3231; x_wconf 86' lang='lat' dir='ltr'><strong>societatem</strong></span> <span class='ocrx_word' id='word_1_193' title='bbox 720 3171 919 3247; x_wconf 89' lang='lat' dir='ltr'><strong>metuerent,</strong></span> <span class='ocrx_word' id='word_1_194' title='bbox 943 3184 984 3230; x_wconf 91' lang='lat' dir='ltr'><strong>ne</strong></span> <span class='ocrx_word' id='word_1_195' title='bbox 1008 3167 1274 3233; x_wconf 90' lang='lat' dir='ltr'><strong>immunitatibus</strong></span> <span class='ocrx_word' id='word_1_196' title='bbox 1299 3175 1333 3233; x_wconf 91' lang='lat' dir='ltr'><strong>et</strong></span> <span class='ocrx_word' id='word_1_197' title='bbox 1356 3169 1463 3246; x_wconf 92' lang='lat' dir='ltr'><strong>privi-</strong></span> 
     </span>
     <span class='ocr_line' id='line_1_28' title="bbox 287 3273 1462 3352; baseline 0.003 -16"><span class='ocrx_word' id='word_1_198' title='bbox 287 3273 389 3352; x_wconf 83' lang='lat' dir='ltr'><strong>legiis</strong></span> <span class='ocrx_word' id='word_1_199' title='bbox 413 3273 454 3337; x_wconf 90' lang='lat' dir='ltr'><strong>ab</strong></span> <span class='ocrx_word' id='word_1_200' title='bbox 479 3291 518 3337; x_wconf 93' lang='lat' dir='ltr'><strong>eo</strong></span> <span class='ocrx_word' id='word_1_201' title='bbox 542 3274 768 3352; x_wconf 90' lang='lat' dir='ltr'><strong>privarentur.</strong></span> <span class='ocrx_word' id='word_1_202' title='bbox 815 3273 975 3338; x_wconf 81' lang='lat' dir='ltr'><strong>Eumelus</strong></span> <span class='ocrx_word' id='word_1_203' title='bbox 991 3281 1101 3338; x_wconf 87' lang='lat' dir='ltr'><strong>autem</strong></span> <span class='ocrx_word' id='word_1_204' title='bbox 1119 3275 1249 3340; x_wconf 92' lang='lat' dir='ltr'><strong>civibus</strong></span> <span class='ocrx_word' id='word_1_205' title='bbox 1268 3275 1462 3341; x_wconf 88' lang='lat' dir='ltr'><strong>convocatis</strong></span> 
     </span>
     <span class='ocr_line' id='line_1_29' title="bbox 288 3380 1464 3461; baseline 0.002 -17"><span class='ocrx_word' id='word_1_206' title='bbox 288 3381 462 3458; x_wconf 82' lang='lat' dir='ltr'><strong>pollicitus</strong></span> <span class='ocrx_word' id='word_1_207' title='bbox 486 3387 540 3446; x_wconf 92' lang='lat' dir='ltr'><strong>est</strong></span> <span class='ocrx_word' id='word_1_208' title='bbox 563 3398 703 3459; x_wconf 80' lang='lat' dir='ltr'><strong>regnum</strong></span> <span class='ocrx_word' id='word_1_209' title='bbox 728 3381 866 3461; x_wconf 91' lang='lat' dir='ltr'><strong>antiquo</strong></span> <span class='ocrx_word' id='word_1_210' title='bbox 890 3399 982 3444; x_wconf 89' lang='lat' dir='ltr'><strong>more</strong></span> <span class='ocrx_word' id='word_1_211' title='bbox 1007 3399 1042 3445; x_wconf 92' lang='lat' dir='ltr'><strong>se</strong></span> <span class='ocrx_word' id='word_1_212' title='bbox 1060 3380 1370 3446; x_wconf 89' lang='lat' dir='ltr'><strong>administraturum</strong></span> <span class='ocrx_word' id='word_1_213' title='bbox 1390 3401 1464 3446; x_wconf 88' lang='lat' dir='ltr'><strong>esse</strong></span> 
     </span>
     <span class='ocr_line' id='line_1_30' title="bbox 289 3481 1463 3572; baseline 0.003 -24"><span class='ocrx_word' id='word_1_214' title='bbox 289 3481 446 3569; x_wconf 73' lang='grc' dir='ltr'><strong>(πάτριον</strong></span> <span class='ocrx_word' id='word_1_215' title='bbox 492 3484 663 3548; x_wconf 79' lang='grc' dir='ltr'><strong><em>πολιτείαν</em></strong></span> <span class='ocrx_word' id='word_1_216' title='bbox 706 3484 841 3572; x_wconf 85' lang='lat' dir='ltr'><strong>Diod),</strong></span> <span class='ocrx_word' id='word_1_217' title='bbox 888 3489 1115 3553; x_wconf 87' lang='lat' dir='ltr'><strong>immunitates</strong></span> <span class='ocrx_word' id='word_1_218' title='bbox 1153 3489 1463 3568; x_wconf 86' lang='lat' dir='ltr'><strong>Panticapaitarum</strong></span> 
     </span>
     <span class='ocr_line' id='line_1_31' title="bbox 288 3591 1462 3677; baseline -0.003 -18"><span class='ocrx_word' id='word_1_219' title='bbox 288 3595 444 3676; x_wconf 87' lang='lat' dir='ltr'><strong>firmavit,</strong></span> <span class='ocrx_word' id='word_1_220' title='bbox 481 3595 645 3660; x_wconf 87' lang='lat' dir='ltr'><strong>tributum</strong></span> <span class='ocrx_word' id='word_1_221' title='bbox 682 3595 764 3659; x_wconf 86' lang='lat' dir='ltr'><strong>belli</strong></span> <span class='ocrx_word' id='word_1_222' title='bbox 793 3595 933 3672; x_wconf 82' lang='lat' dir='ltr'><strong>gerendi</strong></span> <span class='ocrx_word' id='word_1_223' title='bbox 964 3613 1064 3660; x_wconf 90' lang='lat' dir='ltr'><strong>causa</strong></span> <span class='ocrx_word' id='word_1_224' title='bbox 1095 3603 1248 3660; x_wconf 89' lang='lat' dir='ltr'><strong>exactum</strong></span> <span class='ocrx_word' id='word_1_225' title='bbox 1282 3591 1462 3677; x_wconf 79' lang='grc' dir='ltr'>(εἰσφοράς)</span> 
     </span>
     <span class='ocr_line' id='line_1_32' title="bbox 289 3702 1463 3780; baseline 0 -14"><span class='ocrx_word' id='word_1_226' title='bbox 289 3719 325 3766; x_wconf 92' lang='lat' dir='ltr'><strong>se</strong></span> <span class='ocrx_word' id='word_1_227' title='bbox 349 3703 538 3767; x_wconf 86' lang='lat' dir='ltr'><strong>levaturum</strong></span> <span class='ocrx_word' id='word_1_228' title='bbox 554 3703 728 3780; x_wconf 89' lang='lat' dir='ltr'><strong>promisit.</strong></span> <span class='ocrx_word' id='word_1_229' title='bbox 775 3703 825 3766; x_wconf 82' lang='lat' dir='ltr'><strong>Ao</strong></span> <span class='ocrx_word' id='word_1_230' title='bbox 849 3703 963 3767; x_wconf 90' lang='lat' dir='ltr'><strong>statim</strong></span> <span class='ocrx_word' id='word_1_231' title='bbox 987 3703 1088 3767; x_wconf 93' lang='lat' dir='ltr'><strong>animi</strong></span> <span class='ocrx_word' id='word_1_232' title='bbox 1114 3702 1319 3768; x_wconf 82' lang='lat' dir='ltr'><strong>Graecorum</strong></span> <span class='ocrx_word' id='word_1_233' title='bbox 1343 3704 1463 3768; x_wconf 90' lang='lat' dir='ltr'><strong>mutati</strong></span> 
     </span>
     <span class='ocr_line' id='line_1_33' title="bbox 288 3809 1464 3890; baseline 0.001 -18"><span class='ocrx_word' id='word_1_234' title='bbox 288 3815 367 3872; x_wconf 92' lang='lat' dir='ltr'><strong>sunt</strong></span> <span class='ocrx_word' id='word_1_235' title='bbox 391 3815 425 3872; x_wconf 88' lang='lat' dir='ltr'><strong>et</strong></span> <span class='ocrx_word' id='word_1_236' title='bbox 449 3809 692 3888; x_wconf 88' lang='lat' dir='ltr'><strong>acquieverunt</strong></span> <span class='ocrx_word' id='word_1_237' title='bbox 715 3809 750 3872; x_wconf 92' lang='lat' dir='ltr'><strong>in</strong></span> <span class='ocrx_word' id='word_1_238' title='bbox 774 3809 854 3874; x_wconf 84' lang='lat' dir='ltr'><strong>novi</strong></span> <span class='ocrx_word' id='word_1_239' title='bbox 870 3810 964 3890; x_wconf 84' lang='lat' dir='ltr'><strong>regis</strong></span> <span class='ocrx_word' id='word_1_240' title='bbox 981 3810 1133 3888; x_wconf 90' lang='lat' dir='ltr'><strong>imperio.</strong></span> <span class='ocrx_word' id='word_1_241' title='bbox 1180 3811 1287 3875; x_wconf 91' lang='lat' dir='ltr'><strong>Porro</strong></span> <span class='ocrx_word' id='word_1_242' title='bbox 1303 3811 1464 3875; x_wconf 87' lang='lat' dir='ltr'><strong>Eumelus</strong></span> 
     </span>
     <span class='ocr_line' id='line_1_34' title="bbox 288 3915 1461 3982; baseline 0.003 -4"><span class='ocrx_word' id='word_1_243' title='bbox 288 3915 381 3979; x_wconf 89' lang='lat' dir='ltr'><strong>nullo</strong></span> <span class='ocrx_word' id='word_1_244' title='bbox 415 3915 481 3980; x_wconf 86' lang='lat' dir='ltr'><strong>iam</strong></span> <span class='ocrx_word' id='word_1_245' title='bbox 514 3916 714 3982; x_wconf 88' lang='lat' dir='ltr'><strong>adversante</strong></span> <span class='ocrx_word' id='word_1_246' title='bbox 738 3915 946 3982; x_wconf 89' lang='lat' dir='ltr'><strong>validissime</strong></span> <span class='ocrx_word' id='word_1_247' title='bbox 972 3924 1007 3982; x_wconf 91' lang='lat' dir='ltr'><strong>et</strong></span> <span class='ocrx_word' id='word_1_248' title='bbox 1031 3918 1215 3982; x_wconf 88' lang='lat' dir='ltr'><strong>iustissime</strong></span> <span class='ocrx_word' id='word_1_249' title='bbox 1239 3936 1351 3982; x_wconf 91' lang='lat' dir='ltr'><strong>rerum</strong></span> <span class='ocrx_word' id='word_1_250' title='bbox 1375 3935 1461 3982; x_wconf 90' lang='lat' dir='ltr'><strong>sum·</strong></span> 
     </span>
     <span class='ocr_line' id='line_1_35' title="bbox 288 4022 1464 4091; baseline 0.002 -5"><span class='ocrx_word' id='word_1_251' title='bbox 288 4041 374 4086; x_wconf 93' lang='lat' dir='ltr'><strong>mam</strong></span> <span class='ocrx_word' id='word_1_252' title='bbox 410 4025 557 4088; x_wconf 89' lang='lat' dir='ltr'><strong>tenebat.</strong></span> <span class='ocrx_word' id='word_1_253' title='bbox 613 4022 754 4088; x_wconf 81' lang='lat' dir='ltr'><strong>Graecis</strong></span> <span class='ocrx_word' id='word_1_254' title='bbox 790 4041 826 4088; x_wconf 92' lang='lat' dir='ltr'><strong>se</strong></span> <span class='ocrx_word' id='word_1_255' title='bbox 864 4022 979 4090; x_wconf 87' lang='lat' dir='ltr'><strong>favere</strong></span> <span class='ocrx_word' id='word_1_256' title='bbox 1016 4023 1258 4091; x_wconf 88' lang='lat' dir='ltr'><strong>demonstravit</strong></span> <span class='ocrx_word' id='word_1_257' title='bbox 1292 4024 1464 4089; x_wconf 89' lang='lat' dir='ltr'><strong>beneficiis</strong></span> 
     </span>
    </p>
   </div>
   <div class='ocr_carea' id='block_1_6' title="bbox 290 4130 1464 4220">
    <p class='ocr_par' dir='ltr' id='par_1_6' title="bbox 290 4130 1464 4220">
     <span class='ocr_line' id='line_1_36' title="bbox 290 4130 1464 4220; baseline 0.001 -26"><span class='ocrx_word' id='word_1_258' title='bbox 290 4130 433 4208; x_wconf 83' lang='lat' dir='ltr'><strong>exempli</strong></span> <span class='ocrx_word' id='word_1_259' title='bbox 465 4149 565 4196; x_wconf 89' lang='lat' dir='ltr'><strong>causa</strong></span> <span class='ocrx_word' id='word_1_260' title='bbox 588 4131 765 4212; x_wconf 84' lang='lat' dir='ltr'><strong>Byzantiis</strong></span> <span class='ocrx_word' id='word_1_261' title='bbox 804 4137 838 4195; x_wconf 93' lang='lat' dir='ltr'><strong>et</strong></span> <span class='ocrx_word' id='word_1_262' title='bbox 862 4131 1037 4209; x_wconf 85' lang='lat' dir='ltr'><strong>Sinopaeis</strong></span> <span class='ocrx_word' id='word_1_263' title='bbox 1071 4132 1143 4195; x_wconf 92' lang='lat' dir='ltr'><strong>sine</strong></span> <span class='ocrx_word' id='word_1_264' title='bbox 1175 4131 1275 4196; x_wconf 92' lang='lat' dir='ltr'><strong>dubio</strong></span> <span class='ocrx_word' id='word_1_265' title='bbox 1295 4133 1339 4220; x_wconf 86' lang='lat' dir='ltr'><strong>in</strong></span> <span class='ocrx_word' id='word_1_266' title='bbox 1363 4132 1464 4195; x_wconf 91' lang='lat' dir='ltr'><strong>rebus</strong></span> 
     </span>
    </p>
   </div>
   <div class='ocr_carea' id='block_1_7' title="bbox 288 4284 1463 4434">
    <p class='ocr_par' dir='ltr' id='par_1_7' title="bbox 288 4284 1463 4434">
     <span class='ocr_line' id='line_1_37' title="bbox 398 4284 1463 4362; baseline -0.005 -17"><span class='ocrx_word' id='word_1_267' title='bbox 398 4291 423 4357; x_wconf 85' lang='grc'><strong>1)</strong></span> <span class='ocrx_word' id='word_1_268' title='bbox 442 4289 544 4358; x_wconf 69' lang='lat' dir='ltr'><strong>Uien,</strong></span> <span class='ocrx_word' id='word_1_269' title='bbox 573 4284 671 4357; x_wconf 79' lang='lat' dir='ltr'><strong>Gaogr.</strong></span> <span class='ocrx_word' id='word_1_270' title='bbox 691 4289 717 4344; x_wconf 90' lang='lat' dir='ltr'><strong>d.</strong></span> <span class='ocrx_word' id='word_1_271' title='bbox 736 4288 785 4362; x_wconf 80' lang='lat' dir='ltr'><strong>Gr.</strong></span> <span class='ocrx_word' id='word_1_272' title='bbox 804 4303 830 4341; x_wconf 91' lang='lat' dir='ltr'><strong>u.</strong></span> <span class='ocrx_word' id='word_1_273' title='bbox 849 4287 882 4341; x_wconf 88' lang='lat' dir='ltr'><strong>R.</strong></span> <span class='ocrx_word' id='word_1_274' title='bbox 902 4287 952 4342; x_wconf 93' lang='lat' dir='ltr'>III.</span> <span class='ocrx_word' id='word_1_275' title='bbox 975 4318 1005 4327; x_wconf 91' lang='lat'><em>-</em></span> <span class='ocrx_word' id='word_1_276' title='bbox 1027 4287 1126 4355; x_wconf 86' lang='lat' dir='ltr'><strong>Grote,</strong></span> <span class='ocrx_word' id='word_1_277' title='bbox 1145 4288 1242 4344; x_wconf 78' lang='lat' dir='ltr'><strong>Gcrcb.</strong></span> <span class='ocrx_word' id='word_1_278' title='bbox 1263 4288 1308 4342; x_wconf 84' lang='lat' dir='ltr'><strong>Gr.</strong></span> <span class='ocrx_word' id='word_1_279' title='bbox 1328 4287 1417 4343; x_wconf 80' lang='lat' dir='ltr'><strong>libers.</strong></span> <span class='ocrx_word' id='word_1_280' title='bbox 1436 4303 1463 4356; x_wconf 77' lang='lat' dir='ltr'><strong>v¹</strong></span> 
     </span>
     <span class='ocr_line' id='line_1_38' title="bbox 288 4379 469 4434; baseline 0 0"><span class='ocrx_word' id='word_1_281' title='bbox 288 4379 405 4434; x_wconf 85' lang='lat' dir='ltr'><strong>lleisner</strong></span> <span class='ocrx_word' id='word_1_282' title='bbox 422 4379 469 4434; x_wconf 90' lang='lat' dir='ltr'><strong>Vl.</strong></span> 
     </span>
    </p>
   </div>
   <div class='ocr_carea' id='block_1_8' title="bbox 0 0 1582 5078">
    <p class='ocr_par' dir='ltr' id='par_1_8' title="bbox 0 0 1582 5078">
     <span class='ocr_line' id='line_1_39' title="bbox 0 0 1582 5078; baseline 0 0"><span class='ocrx_word' id='word_1_283' title='bbox 0 0 1582 5078; x_wconf 95' lang='lat' dir='ltr'><strong> </strong></span> 
     </span>
    </p>
   </div>
  </div>
 </body>
</html>
