3156 5080
768 432 989 492 -.32-

292 621 439 688 dubitari
476 632 602 705 potest,
634 625 663 688 si
695 633 823 703 patrem
853 623 1118 690 Louconidarum
1142 625 1367 703 respicimus.
1425 621 1491 688 Sed

292 738 366 794 erat
401 731 512 794 Leuoo
548 730 682 809 quidam
718 733 806 796 ulter
842 732 976 796 saeculo
1012 739 1106 813 post,
1143 733 1200 811 qui
1236 732 1356 809 magis
1386 731 1490 794 homo

292 838 414 915 impius
438 845 473 902 et
496 857 636 917 nequam
660 839 795 904 videtur
819 838 934 904 luisse.
981 839 1060 918 Ipsa
1083 846 1193 904 autem
1218 839 1402 920 Polyaeni
1431 837 1493 900 illa
1557 856 1558 925 y

291 945 442 1009 narratio
479 945 541 1008 ulli
577 946 762 1024 suspicioni
794 964 860 1010 non
895 945 1030 1012 videtur
1065 963 1159 1028 esse,
1195 945 1363 1010 conferre
1406 945 1493 1008 licet
1557 962 1558 971 ¹

292 1051 558 1116 machinationes
582 1053 784 1117 nummarias
808 1052 965 1133 Dionysii
990 1053 1192 1134 Syracusani
1217 1059 1251 1116 et
1285 1051 1445 1132 Cypseli
1458 1047 1492 1132 ¹),

292 1158 500 1236 aliorumque
536 1160 760 1236 posteriorum
796 1167 953 1224 aetatum.
990 1195 1031 1204 --
1066 1159 1220 1224 Ceterum
1244 1159 1368 1224 Leuco
1399 1176 1491 1222 com·

292 1265 416 1328 mercio
452 1264 604 1345 augendo
645 1267 765 1330 eximie
808 1266 983 1342 studebat,
1016 1268 1157 1332 maxime
1193 1267 1352 1332 amicitia
1404 1282 1491 1342 erga

293 1372 517 1436 Athenienses
543 1372 711 1437 firmanda.
760 1372 863 1455 Quam
895 1375 1013 1452 proavi
1043 1375 1116 1439 eius
1150 1375 1214 1438 iam
1249 1371 1490 1452 colueranm),

294 1480 389 1544 cuius
424 1480 476 1543 rei
510 1481 624 1559 gratia
661 1481 801 1546 civitate
838 1481 975 1545 immuni
1000 1482 1041 1545 ab
1066 1481 1330 1546 Atheniensibus
1360 1477 1488 1557 donati

293 1590 433 1668 aranti).
491 1587 662 1652 Intererat
697 1588 953 1652 Atheniensium
999 1587 1200 1652 frumentum
1243 1607 1400 1652 annuum
1448 1603 1489 1648 ex

295 1694 448 1772 Bosporo
475 1694 540 1758 sibi
566 1693 738 1772 adportari
763 1713 828 1758 non
854 1695 972 1775 desini,
998 1713 1103 1774 eoque
1127 1695 1251 1777 magis,
1277 1696 1334 1759 nbi
1375 1692 1487 1758 dorni·

294 1802 434 1866 natione
450 1802 552 1866 maris
577 1801 754 1868 debilitata
778 1802 865 1866 aliae
881 1810 994 1867 terrae
1012 1803 1054 1866 iis
1073 1803 1205 1867 clausae
1223 1809 1329 1867 erant.
1358 1802 1490 1866 Mutua

295 1909 402 1988 igitur
426 1917 523 1974 erant
555 1909 725 1974 commoda
753 1910 1007 1991 Atheniensium
1037 1918 1071 1975 et
1104 1911 1258 1988 Bospori.
1290 1899 1383 1988 *Ne'c
1419 1924 1487 1972 non

294 2017 406 2080 Leuce
445 2017 530 2082 civis
567 2018 783 2082 Atheniensis
819 2025 872 2094 est
904 2011 1065 2101 doside),
1102 2015 1189 2096 quod
1222 2017 1294 2082 illis
1316 2015 1487 2086 *maxime

294 2123 440 2189 favebat.
481 2124 559 2188 Cum
578 2124 664 2188 enim
687 2125 728 2188 ab
755 2125 832 2188 aliis
849 2125 1053 2202 tricesimam
1069 2124 1269 2202 postularet,
1286 2123 1484 2188 Athenien·

295 2232 381 2294 sium
405 2250 507 2298 naves
525 2249 564 2294 ea
581 2231 750 2298 liberavit.
783 2229 853 2296 Iam
879 2231 1020 2311 Satyrus
1044 2231 1088 2296 iis
1104 2231 1313 2312 permiserat,
1338 2235 1483 2295 utente

295 2345 427 2402 ceteros
453 2356 565 2402 omnes
589 2337 790 2404 frumentum
816 2345 975 2420 emerent,
1012 2357 1077 2417 qua
1099 2356 1137 2402 re
1173 2337 1298 2403 factum
1333 2346 1409 2418 est,
1446 2341 1484 2399 ut

296 2445 356 2510 alii
380 2454 584 2511 mercatores
609 2447 742 2527 saepius
767 2445 892 2510 infecta
915 2463 952 2509 re
983 2445 1194 2510 discederent
1203 2446 1240 2525 ⁶).
1294 2444 1391 2509 Idem
1428 2443 1481 2506 ius

295 2553 405 2618 Leuco
431 2554 474 2618 iis
499 2553 591 2620 dedit
615 2555 650 2619 in
673 2553 883 2619 Theudosiae
908 2553 1067 2631 emporio.
1114 2553 1338 2616 Athenienses
1355 2567 1482 2618 verum

294 2680 360 2725 non
384 2679 515 2739 semper
546 2663 691 2742 pretium
725 2662 839 2726 statim
868 2659 1074 2742 pendebant,
1111 2658 1380 2739 quandoquidem
1415 2655 1478 2721 filii
1556 2673 1559 2706 r

295 2769 460 2833 Leucouis
503 2770 676 2847 pecuniam
724 2768 851 2832 diutius
895 2767 1040 2832 debitam
1075 2784 1214 2845 poscere
1257 2763 1479 2844 cogunturil.

295 2876 418 2953 Tamen
441 2877 551 2940 Leuco
587 2877 628 2940 ab
671 2893 820 2951 annonae
861 2875 975 2952 iuopia
1011 2874 1204 2938 laborantes
1245 2873 1476 2948 Athenienses

296 2983 396 3046 etiam
421 3001 481 3047 sna
504 2979 635 3067 [sponte
671 2983 838 3047 frumento
875 2981 1057 3047 adiuvabat
1096 2981 1168 3045 sine
1205 2980 1304 3044 dubio
1340 2981 1477 3044 minore

296 3091 407 3168 pretio
433 3091 568 3156 vendito
579 3095 616 3172 7).
661 3129 681 3136 -
709 3093 759 3157 De
784 3093 949 3156 Leuconis
978 3092 1126 3156 moribus
1158 3091 1282 3168 optime
1308 3088 1477 3164 iudicavit

297 3198 504 3278 Chrysippus
529 3199 691 3281 Stoicus⁸l
717 3208 751 3265 et
775 3201 840 3276 Dio
866 3199 1124 3280 Chrysostomus
1155 3194 1326 3282 rhetori),
1360 3199 1474 3262 minus

297 3307 381 3369 bene
406 3307 600 3371 Athenaeus
612 3305 662 3390 ¹⁰),
681 3327 752 3372 cum
770 3307 899 3379 diceret
917 3306 1136 3371 contumelias
1154 3312 1188 3369 et
1204 3306 1271 3370 vim
1290 3305 1474 3369 amicorum

406 3521 431 3583 l)
451 3521 538 3571 Anon.
558 3517 695 3586 (Aristot.)
714 3518 810 3573 Oocon
830 3521 855 3572 2.
875 3520 918 3572 21.
938 3516 1097 3586 (Gdttling).

403 3611 431 3671 2)
452 3607 533 3662 Isocr.
553 3607 667 3675 Trapez.
686 3608 702 3678 ξ
721 3610 763 3661 57.
795 3591 797 3596 ¹

404 3701 432 3758 3)
453 3697 529 3752 Dem.
549 3713 570 3752 c.
590 3697 666 3765 Lept.
687 3697 703 3767 ᾗ
721 3699 756 3752 25
775 3696 883 3766 (Wolf).

403 3791 431 3848 4)
451 3788 527 3842 Dem.
546 3787 564 3842 1.
583 3787 601 3841 1Ι
623 3817 655 3825 -
675 3786 784 3855 Sylloge
807 3787 864 3840 101.
929 3843 931 3846 .

307 3929 311 3940 ἦ
405 3875 1037 3945 0)Ιεοοτ.Ττ3ρ.1.1.--1131311027.

405 3968 435 4026 61
455 3967 563 4035 Sylloge
582 3967 633 4020 101
654 3968 689 4021 54
708 3981 764 4033 sqq.

407 4058 435 4125 7)
454 4057 531 4111 Deru.
551 4057 567 4112 1.
588 4055 606 4110 1.
625 4055 641 4126 ἕ
661 4057 702 4110 27.
725 4085 754 4092 -
775 4053 864 4109 Strab.
884 4054 938 4108 VII
957 4055 1018 4132 011.
1553 4059 1559 4180 ι

406 4148 433 4212 3)
454 4145 488 4201 31.
509 4146 580 4200 Plut.
600 4145 633 4200 de
653 4144 733 4201 Stoic.
752 4161 809 4213 rep.
828 4144 878 4198 XX
897 4147 914 4196 3
934 4173 967 4182 -·
987 4141 1066 4198 Strab
1085 4141 1220 4196 v11301.

405 4237 433 4304 9)
453 4236 482 4290 ΙΙ
505 4237 552 4290 101
573 4235 606 4289 R.
626 4235 673 4307 τῆς
702 4224 804 4310 &patric
829 4221 972 4310 ἄγάμενος
996 4275 1029 4290 ..
1058 4227 1122 4306 ἄγει
1149 4227 1217 4293 node
1237 4231 1326 4306 γῆρας
1343 4225 1469 4302 καθάπερ
1557 4266 1558 4295 y

299 4314 419 4400 ἇκούμεν
439 4365 445 4380 .
466 4367 472 4380 .
491 4362 499 4382 .
519 4318 658 4380 Λεύκωνα.

390 4414 605 4486 mewa
1555 4382 1558 4477 1
