3156 5080
629 471 848 530 -41..

148 660 321 742 PonticiS,
353 659 409 740 qui
435 659 631 738 Spartoeum
665 660 804 727 fratrem
836 681 909 727 cum
941 681 1045 728 uxore
1077 681 1137 728 sua
1160 663 1325 728 Alcathoi

148 766 396 832 adulterantem
420 767 656 849 trucidaverit,
681 769 749 833 alia
773 769 903 834 scholia
927 767 1111 853 („Mure“),
1141 769 1229 850 quod
1253 771 1325 848 ipse

152 875 250 938 illius
275 892 412 939 uxorem
436 875 625 939 Alcathoen
648 877 853 949 amaverit«,
869 878 942 942 Hoc
965 877 1073 942 minus
1097 877 1180 942 mihi
1203 877 1326 958 placet,

150 999 350 1060 quamquam
382 981 472 1046 Ellis
513 982 595 1046 haec
626 982 755 1046 scholia
785 984 927 1048 meliora
961 983 1134 1063 iudicat1).
1190 983 1325 1048 Etenim

148 1089 292 1166 primum
324 1105 442 1153 versus
474 1087 613 1152 scholiis
647 1089 744 1154 citati
774 1095 893 1167 poetae
918 1087 1055 1155 Arionis
1079 1090 1135 1156 vel
1158 1090 1326 1170 Anonymi

149 1194 193 1260 ad
217 1196 302 1260 hanc
326 1196 515 1262 versionem
540 1196 648 1260 minus
673 1195 848 1278 quadrant,
873 1198 986 1276 itaque
1004 1197 1168 1262 scholium
1185 1194 1323 1278 „Mure‘

148 1320 262 1368 secum
287 1303 395 1381 ipsum
418 1310 556 1382 pugnat.
603 1302 732 1367 Deinde
756 1305 870 1368 nescio
895 1322 937 1368 an
957 1305 1061 1370 verba
1080 1322 1160 1384 „pro
1178 1300 1324 1385 amore“,

148 1427 235 1488 quae
260 1409 393 1474 codices
418 1410 452 1473 in
476 1410 538 1473 hoc
563 1428 694 1488 quoque
719 1410 848 1474 scholio
873 1411 1042 1486 exhibent,
1067 1410 1153 1476 idem
1170 1412 1325 1491 probent,

150 1535 224 1580 cum
248 1534 315 1580 non
338 1516 404 1580 nisi
421 1516 541 1580 alteris
558 1517 697 1580 scholiis
713 1524 793 1594 apta
809 1517 887 1598 sint,
912 1519 1126 1596 quamobrem
1142 1518 1183 1581 ah
1200 1517 1323 1582 Ellisio

148 1622 185 1686 in
210 1641 313 1704 „prae
337 1620 471 1687 amore“
505 1630 634 1689 mutata
664 1631 751 1688 sunt.
798 1624 951 1704 Denique
984 1625 1014 1690 si
1044 1625 1155 1690 Leuce
1184 1622 1323 1689 fratrem

147 1749 262 1797 amore
288 1731 402 1794 uxoris
427 1731 500 1794 eius
524 1731 687 1808 impulsus
712 1730 903 1813 occidisset,
928 1739 966 1796 ut
989 1732 1055 1795 iam
1080 1749 1120 1796 ea
1144 1731 1323 1813 potiretur,

147 1841 207 1905 vix
231 1837 385 1902 adultera
409 1837 500 1902 dicta
529 1845 629 1918 esset,
654 1839 805 1916 quamvis
821 1838 961 1902 meliore
978 1839 1052 1902 iure
1069 1839 1126 1916 pia
1143 1837 1323 1904 diceretur.

148 1945 252 2012 Aliud
284 1945 391 2025 igitur
418 1945 500 2010 mihi
530 1945 702 2023 probatur.
750 1945 933 2023 Spartocus
958 1952 1032 2009 erat
1054 1945 1162 2009 maior
1184 1952 1266 2010 natu
1290 1952 1325 2010 et

148 2071 222 2135 rex,
247 2053 362 2131 itaque
388 2071 407 2116 a
431 2052 586 2116 Leucono
610 2059 751 2117 necatur
774 2069 839 2116 non
856 2051 962 2116 solum
979 2051 1123 2133 adulter,
1148 2051 1324 2116 sedetiam

146 2161 258 2225 frater
293 2167 328 2223 et
361 2177 432 2224 rex.
481 2158 541 2223 Oui
576 2157 722 2223 fortasse
757 2159 900 2239 populus
936 2177 1067 2239 quoque
1103 2157 1209 2237 favit,
1251 2177 1323 2223 eum

146 2269 259 2332 Leuco
293 2265 411 2331 fratris
445 2266 553 2344 impar
583 2283 648 2330 non
683 2265 766 2330 adeo
798 2267 944 2332 virtutes
974 2267 1090 2346 regias
1121 2272 1323 2344 praestaret.

146 2375 255 2439 Multo
287 2381 397 2438 autem
429 2374 536 2452 magis
568 2374 732 2451 probatur
764 2391 839 2454 reS,
876 2374 906 2438 si
937 2374 1003 2438 illa
1030 2372 1069 2437 de
1094 2373 1249 2438 Leucono
1282 2373 1323 2436 ab

145 2483 322 2547 Athenaeo
356 2487 390 2545 et
419 2480 589 2562 Polyaeno
621 2487 778 2562 narrata,
817 2480 1024 2545 satellitibus
1055 2480 1217 2557 improbis
1249 2497 1323 2544 eum

147 2589 199 2653 uti
222 2588 380 2653 maluisse
405 2595 440 2652 et
464 2588 587 2652 civium
611 2587 757 2652 tumultu
780 2586 922 2665 petitum
948 2604 1032 2667 esse,
1058 2603 1154 2664 quem
1174 2604 1241 2650 non
1256 2586 1323 2649 nisi

146 2695 281 2760 insidiis
312 2703 346 2760 et
378 2695 498 2773 viper
526 2702 731 2759 mercatores
763 2694 892 2758 alienos
921 2693 1140 2775 oppresserit,
1171 2691 1324 2757 adhunc

148 2804 335 2867 Leuconem
371 2809 533 2881 spectent.
580 2803 650 2866 Iam
675 2802 801 2883 elucet,
836 2802 894 2880 qui
917 2799 1042 2866 factum
1066 2800 1123 2882 sit,
1148 2808 1186 2865 ut
1209 2817 1323 2864 omnes

139 2911 337 2975 Alcathoen
360 2910 547 2993 laudarent,
572 2929 656 2990 quae
680 2918 798 2989 postea
821 2927 935 2974 necem
960 2908 1122 2974 amatoris
1146 2907 1199 2973 sui
1215 2907 1322 2986 magis

147 3019 251 3084 amati
276 3026 311 3082 et
333 3018 427 3098 regis
451 3019 574 3097 populo
600 3019 742 3084 carioris
767 3018 839 3082 ulta
856 3025 918 3083 est.
965 3019 1015 3082 Ac
1031 3034 1093 3080 nec
1109 3016 1173 3080 hoc
1189 3015 1322 3095 quidem

144 3126 275 3204 pietate
300 3123 439 3204 quadam
482 3127 580 3204 plane
617 3143 732 3190 carere
767 3124 968 3206 videbatur,
1012 3124 1213 3202 praesertim
1249 3142 1322 3188 cum

145 3235 252 3297 bonos
276 3251 386 3297 mores
410 3232 632 3298 labefactatos
657 3233 721 3296 iam
746 3250 819 3296 esse
835 3249 999 3296 memores
1015 3232 1128 3295 simus.
1162 3230 1322 3295 Conferas

147 3358 280 3420 quoque
304 3341 334 3404 si
358 3341 442 3405 libet
463 3359 582 3406 versus
599 3340 739 3404 scholiis
756 3341 862 3404 citata
878 3321 1017 3421 („causa
1032 3339 1152 3403 mortis
1168 3338 1321 3416 utrisque

145 3445 265 3529 iuit“),
298 3448 439 3512 maxime
475 3447 614 3512 scholiis
646 3447 729 3512 Oet
752 3449 842 3528 Ask,
876 3447 996 3527 quibus
1027 3453 1170 3524 utraque
1202 3443 1321 3509 caedes

145 3555 268 3620 merito
293 3554 383 3620 facta
407 3573 480 3620 esse
505 3554 640 3620 dicitur.
687 3556 733 3620 At
748 3555 837 3620 Ellis
854 3554 915 3618 illa
939 3553 1091 3620 facinora
1107 3553 1238 3617 omnino
1256 3571 1322 3616 non

146 3662 188 3726 ad
213 3663 358 3741 Bospori
387 3681 488 3744 reges
518 3663 689 3742 pertinere
710 3663 855 3744 mavult,
880 3670 1061 3742 propterea
1084 3659 1171 3741 quod
1195 3660 1321 3742 nullius

144 3769 213 3833 nisi
244 3769 451 3835 LeuconisI
486 3771 518 3835 ei
554 3771 589 3835 in
625 3778 769 3836 mentem
804 3771 908 3836 venit.
964 3769 1016 3835 Ad
1052 3787 1148 3849 quem
1184 3785 1223 3832 ea
1255 3785 1321 3831 non

147 3876 313 3956 quadrare
339 3884 597 3942 consentaneum
622 3886 684 3943 est.
731 3879 777 3944 ht
799 3895 855 3942 res
881 3877 975 3960 duae,
1000 3895 1082 3957 quas
1106 3875 1165 3940 illc
1183 3874 1320 3954 adfertl)

147 4002 214 4047 non
238 3983 321 4047 adeo
346 4003 419 4048 cum
444 3989 563 4062 poetae
588 3985 744 4050 versibus
769 3992 969 4066 congruunt,
994 3985 1075 4063 quin
1092 3983 1195 4048 etiam
1212 3982 1321 4046 altera

145 4109 212 4154 non
243 4091 309 4154 nisi
333 4098 447 4155 textus
471 4093 585 4157 verbis
609 4093 758 4158 mutatis.
782 4127 825 4137 -
850 4092 1005 4171 Spartoci
1030 4087 1107 4174 (V),
1136 4097 1174 4155 ut
1196 4107 1321 4168 paucos

146 4215 209 4276 per
248 4216 353 4262 annos
393 4199 592 4278 regnavisse
631 4199 786 4282 videtur,
834 4200 884 4274 ita
922 4217 1007 4273 uuus
1045 4205 1174 4270 tantum
1198 4197 1321 4265 titulus

254 4354 282 4421 1)
301 4354 408 4423 Proleg.
426 4353 513 4410 LVII.

253 4445 281 4519 2)
299 4460 326 4521 p.
346 4445 448 4520 121q.
469 4445 570 4522 lileq.
