3156 5080
762 429 981 494 ..52-

284 621 448 704 Scythae,
481 623 632 702 quamvis
664 624 808 701 optimos
840 641 941 702 agros
965 622 1196 704 possiderent,
1229 624 1461 703 agriculturae

284 731 383 796 inviti
419 749 454 794 sc
490 729 672 812 dedebant,
705 749 744 794 ac
780 731 942 794 libentius
977 748 1038 794 sua
1069 730 1227 795 locabant
1255 732 1461 810 Bosporanis

289 838 418 901 colonis
442 837 595 918 colenda,
619 837 720 902 etiam
745 838 781 918 ii,
806 839 862 916 qui
887 838 1039 916 Bosporo
1062 839 1236 915 parebant.
1284 837 1358 920 Qua
1382 859 1462 904 cura

286 945 423 1010 liberati
448 945 591 1022 amplius
614 945 733 1024 vagari
758 945 926 1009 malebant
949 963 1051 1022 super
1073 945 1248 1022 planitiem
1272 947 1460 1010 Tauricam.

283 1050 457 1115 Mercedes
500 1059 611 1115 autem
655 1049 891 1116 conductionis
934 1070 1131 1130 quamquam
1171 1053 1314 1131 exiguae
1354 1062 1461 1134 erant,

285 1166 397 1223 tamen
414 1158 557 1239 Scythas
580 1159 715 1236 saepius
731 1160 766 1225 vi
783 1160 920 1236 exigere
936 1175 1073 1222 necesse
1089 1167 1174 1240 erat,
1191 1159 1279 1237 quod
1295 1179 1317 1224 a
1333 1161 1462 1224 colonis

284 1266 450 1330 contemni
486 1266 659 1347 solebant,
691 1266 891 1343 praesertim
931 1284 1003 1329 cum
1040 1266 1105 1344 ipsi
1141 1284 1299 1346 agrorum
1337 1266 1460 1332 domini

284 1373 479 1451 plerumque
496 1373 692 1452 longissime
707 1373 829 1436 remoti
847 1380 968 1436 essent.
1005 1373 1148 1436 Trihuta
1164 1381 1275 1437 autem
1288 1391 1309 1436 a
1320 1375 1462 1452 regibus

285 1479 515 1557 pendebantur
526 1487 595 1543 tum
609 1478 748 1558 demum,
761 1498 834 1542 cum
846 1497 902 1542 res
912 1478 1184 1557 Spartocidarum
1197 1479 1461 1560 collaberentur,

284 1586 483 1666 Scytharum
508 1594 724 1662 augerentur.

390 1694 512 1774 Porro,
556 1691 643 1771 quod
684 1693 725 1756 ad
764 1711 834 1756 rem
874 1693 1084 1758 iudiciariam
1123 1694 1261 1775 attinet,
1315 1695 1460 1772 primum

282 1817 444 1864 memores
468 1818 580 1864 sumus
604 1798 769 1864 facinoris
792 1800 886 1864 illius
910 1819 930 1864 a
950 1801 1105 1864 Leucone
1129 1809 1247 1865 contra
1270 1802 1364 1866 viros
1388 1820 1462 1865 sus·

284 1915 401 1985 pectos
425 1907 603 1986 commissi,
628 1906 715 1985 quod
732 1907 923 1986 Polyaenus
939 1906 1091 1971 tradidit.
1131 1907 1266 1971 Certior
1282 1915 1317 1971 et
1333 1908 1463 1971 clarior

284 2021 337 2078 est
372 2013 432 2094 lis,
472 2012 511 2076 dc
550 2032 616 2091 qua
654 2014 728 2093 agit
765 2014 935 2078 Isocrates
975 2015 1009 2077 in
1045 2014 1197 2078 oratione
1233 2015 1461 2091 'lrapezitica

284 2120 426 2200 Satyrus
457 2121 544 2184 enim
577 2120 725 2200 legatum
747 2120 910 2198 Sopaeum
934 2122 1032 2197 vagis
1054 2121 1246 2185 rumoribus
1270 2121 1461 2186 incusatum

282 2235 409 2290 temere
447 2227 483 2290 in
522 2227 658 2291 vincula
697 2229 843 2290 coniecit
880 2235 981 2306 atque
1016 2245 1053 2292 re
1089 2226 1250 2292 familiari
1285 2228 1461 2305 publicata

282 2333 383 2397 etiam
408 2333 558 2397 Athenas
593 2333 702 2414 misit,
738 2335 888 2413 quirem
912 2335 961 2398 ibi
985 2334 1182 2398 collocatam
1206 2333 1376 2413 filiumque
1401 2334 1459 2398 od·

282 2439 452 2504 ducerent.
500 2438 703 2521 Quamquam
738 2449 915 2520 utrumque
950 2442 1160 2505 innocentem
1196 2440 1301 2504 luisse
1336 2449 1460 2518 postea

283 2546 400 2610 eluxit.
447 2546 541 2613 Unde
576 2547 727 2614 videmus
752 2548 907 2628 Satyrum
944 2567 1016 2612 cum
1041 2548 1304 2612 Atheniensibus
1339 2547 1460 2612 foedus

280 2653 348 2718 rite
383 2652 505 2718 fecisse
540 2654 581 2719 ad
616 2656 765 2719 homines
800 2663 913 2719 mutue
937 2653 1129 2720 tradendos
1175 2654 1310 2720 Etenim
1335 2653 1460 2733 Sopaei

281 2759 370 2824 lilius
393 2779 460 2825 non
484 2762 664 2840 ignorabat
680 2762 802 2842 Satyro
827 2763 1019 2840 postulante
1043 2760 1127 2842 fore,
1152 2770 1191 2826 ut
1215 2763 1256 2826 ab
1273 2762 1459 2826 Athenien·
1574 2789 1576 2800 ¹

280 2868 391 2954 sibus
409 2867 603 2948 dederetur,
640 2887 735 2947 qnam
772 2870 813 2932 ob
847 2887 919 2932 rem
955 2870 990 2932 in
1014 2869 1114 2932 eliam
1139 2869 1312 2934 civitatem
1336 2867 1458 2945 fugere

280 2975 423 3038 animum
440 2974 619 3040 inducebat
627 2973 663 3058 1).
700 2975 855 3040 Ceterum
873 2975 959 3038 idem
973 2974 1188 3040 adversarius
1201 2977 1281 3040 eius
1288 2976 1457 3055 cupiebat,

281 3081 385 3162 quod,
410 3081 438 3145 si
463 3081 523 3145 ille
546 3080 710 3163 fugisset,
735 3083 829 3146 litem
852 3082 1036 3162 neglegere
1059 3091 1185 3163 posset,
1210 3101 1283 3147 cum
1306 3081 1456 3146 futurum

280 3195 388 3269 esset,
426 3195 465 3252 nt
503 3206 603 3253 causa
643 3188 904 3269 diiudicaretur,
942 3189 1044 3253 etiam
1083 3189 1112 3253 si
1148 3189 1207 3253 ille
1243 3189 1278 3254 in
1312 3179 1456 3252 Pontum

279 3294 449 3376 rediisset.
495 3295 614 3374 Itaque
639 3295 764 3360 iudicia
788 3296 1036 3360 commercialia
1059 3296 1149 3360 inter
1172 3296 1396 3360 Athenienses
1421 3301 1457 3360 et·

280 3402 425 3480 Bospori
460 3419 560 3481 reges
595 3401 699 3466 luisse
734 3402 909 3484 videntur,
945 3404 1144 3481 praesertim
1182 3421 1254 3467 cum
1285 3410 1455 3480 postremo

280 3508 372 3574 inter
395 3507 609 3574 adversarios
632 3509 711 3574 illos
736 3511 942 3590 conveniret,
959 3515 997 3574 nt
1013 3509 1134 3590 Satyro
1151 3509 1258 3571 δίαιτκ
1273 3503 1332 3570 ἐπὶ
1349 3501 1456 3592 ῥητοῖς

280 3615 556 3680 committeretur.

387 3719 479 3803 Quae
518 3721 625 3787 adhuc
664 3723 818 3801 exposite
857 3723 886 3787 si
927 3722 1191 3804 consideramus,
1230 3721 1367 3795 facilius
1403 3729 1454 3786 est
1574 3695 1576 3724 ⁹

279 3835 482 3906 potestatem
518 3828 791 3907 Spartooidarum
827 3829 975 3894 definire.
1028 3829 1240 3895 Dictatorum
1276 3829 1386 3894 instar
1420 3835 1454 3892 et

280 3934 422 4000 Graecis
452 3942 487 4000 et
511 3937 665 4000 barbaris
689 3937 916 4018 imperabant,
948 3937 1058 4001 omnia
1081 3955 1140 4002 suo
1165 3937 1309 4002 arbitrio
1333 3936 1453 4015 guber·

278 4049 408 4123 nantes,
433 4049 467 4107 et
491 4043 675 4108 exercitum
700 4052 735 4108 et
758 4043 884 4108 iudicia
908 4051 943 4109 et
957 4061 1013 4108 rer
1030 4051 1187 4109 externas
1204 4051 1239 4109 et
1255 4043 1453 4107 commercio

280 4157 315 4214 et
349 4149 683 4214 administrationem.
738 4150 807 4215 Nec
842 4170 908 4215 non
943 4159 1140 4231 argumenta
1163 4149 1298 4215 aliunde
1322 4157 1453 4228 sumpta

281 4291 490 4300 ——1--0--n

386 4377 561 4448 nureo.
